3570 4754
656 318 975 421 wilm,

70 535 263 612 Donrinus“,
281 535 364 599 sicut
381 535 470 616 apud
486 538 611 598 ceteros
628 533 818 617 prophetas,
833 532 891 596 sed
911 551 1026 597 omnes
1044 532 1113 596 eius
1128 529 1318 618 [sermones]
1332 529 1428 614 quasi
1443 532 1560 594 cantus

70 639 240 729 [psalmos]
269 643 340 706 eius
368 661 450 717 esse,
481 661 621 724 quorum
652 640 705 705 alii
730 640 933 723 prophetiae,
954 639 1008 703 alii
1030 639 1252 721 poenitentiae
1274 638 1495 702 confessiones
1520 636 1561 700 dc

70 751 174 832 culpis
199 750 268 814 eius
293 752 380 826 sunt,
405 749 459 813 alii
483 752 594 813 autem
625 748 799 812 manifesto
833 748 1050 812 revelationes
1080 751 1157 811 sunt
1189 747 1230 811 de
1261 747 1401 812 Domino
1435 749 1560 825 nostro,

70 855 150 944 [cos]
175 858 329 921 nimirum
353 857 437 940 dico,
463 858 551 922 velut
583 856 766 921 secundum
798 860 831 919 ct
863 856 951 919 velut
983 858 1134 920 octavum
1167 859 1198 919 et
1230 856 1319 920 velut
1351 854 1562 937 quadragesi·

68 985 161 1029 mum
186 967 337 1048 quintum
362 971 394 1032 et
428 970 466 1031 ut
499 966 779 1048 septuagesimum
811 964 993 1028 secundum
1025 964 1081 1046 qui
1115 960 1318 1048 ambiguus)
1352 967 1401 1027 est
1425 967 1497 1028 tum
1520 963 1561 1028 de

70 1075 215 1138 Domino
254 1077 368 1138 nostro
414 1077 483 1137 turn
529 1073 569 1136 de
608 1072 784 1139 Salomone
823 1076 856 1136 et
894 1074 930 1135 ut
968 1071 1038 1135 ille:
1079 1070 1194 1150 „Dicit
1231 1069 1385 1133 Dominus
1424 1069 1562 1135 Domino

68 1192 160 1262 meo,“
185 1180 296 1264 (aliid)
319 1200 417 1263 porro
441 1181 482 1245 de
505 1180 713 1263 captionibus
737 1184 769 1244 et
791 1179 950 1244 reditibus
975 1183 1007 1243 et
1029 1179 1122 1242 bellis
1138 1198 1224 1261 quae
1240 1178 1338 1243 variis
1355 1179 1559 1260 temporibus

70 1286 295 1376 [acciderunt];
321 1286 374 1374 [et]
400 1307 474 1352 cum
497 1288 524 1351 si
548 1287 668 1369 gaudio
691 1285 840 1364 fruimur,
864 1287 898 1350 in
921 1306 960 1350 eo
984 1286 1049 1350 sint
1071 1304 1169 1350 voces
1194 1288 1226 1350 et
1248 1286 1350 1350 verba
1371 1287 1503 1351 laetitae
1528 1292 1561 1352 et

69 1397 97 1460 si
121 1397 154 1459 in
179 1415 327 1460 moerore
351 1415 477 1472 sumus,
502 1396 536 1459 in
560 1415 598 1459 eo
623 1395 689 1458 sint
713 1392 835 1481 [verba]
861 1393 1089 1458 convenientia
1106 1396 1138 1457 et
1154 1412 1253 1475 porro
1271 1394 1423 1459 omnibus
1442 1395 1559 1461 diebus

69 1504 161 1568 iestis
186 1508 218 1568 et
241 1503 608 1569 commemorationibus
632 1507 822 1567 sanctorum
845 1501 878 1565 in
902 1501 941 1564 iis
967 1498 1126 1588 [verbis]‘¹)
1151 1504 1217 1567 sint
1239 1522 1337 1568 voces
1362 1505 1560 1570 convenien-

71 1626 131 1689 tes,
157 1632 231 1676 eum
256 1610 399 1699 [librum]
425 1613 614 1690 diviserunt,
639 1615 675 1675 ut
699 1630 737 1674 eo
761 1613 929 1673 uteremur
953 1609 995 1674 ad
1020 1610 1144 1674 cultum
1181 1611 1327 1675 divinum
1361 1613 1394 1676 in
1427 1612 1563 1678 ecclesia

70 1723 104 1784 et
126 1722 163 1783 ut
186 1738 243 1783 eos
268 1715 413 1803 (cantus)
437 1718 598 1783 discerent
622 1737 736 1782 omnes
760 1717 857 1781 simul
889 1721 922 1781 et
953 1720 991 1780 ut
1023 1736 1062 1782 eo
1093 1720 1263 1782 uterentur
1294 1719 1379 1784 inter
1403 1720 1563 1786 solemnia

69 1827 177 1892 cultus
190 1827 289 1892 divini
302 1827 398 1892 simili
411 1827 520 1893 niodo,
554 1825 729 1891 Praeterea
742 1828 854 1889 autem
866 1824 1030 1910 insuper)
1044 1826 1123 1908 quia
1138 1827 1248 1892 David
1270 1828 1432 1910 propheta
1456 1832 1489 1893 et
1504 1848 1563 1893 rex

73 1939 145 2000 erat
168 1939 268 2019 atque
292 1936 375 2001 adeo
398 1954 519 2017 panem
543 1934 628 1998 sicut
660 1933 848 1998 sacerdotes
881 1932 949 1998 edit
979 1933 1013 1997 in
1046 1933 1146 1998 domo
1179 1935 1310 1999 Domini
1341 1935 1493 2019 legitime,
1527 1941 1563 2002 ut

71 2043 131 2120 vir,
155 2045 212 2125 qui
236 2043 389 2108 omnibus
413 2043 484 2107 istis
508 2042 690 2106 honoribus
707 2041 826 2124 dignus
843 2042 1038 2106 aestimatus
1054 2041 1144 2128 osv),
1161 2043 1348 2126 prophetia,
1366 2045 1562 2124 sacerdotio,

72 2171 174 2234 regno
198 2153 400 2217 immovcro
424 2151 481 2236 qui
506 2155 592 2216 esset
615 2169 672 2214 cor
694 2149 763 2232 Dei,
788 2153 824 2214 ut
847 2153 1034 2215 servaretur
1057 2151 1128 2215 eius
1152 2152 1313 2216 memoria
1345 2155 1379 2218 iu
1413 2153 1561 2233 ecclesia,

70 2263 248 2341 propterea
280 2259 386 2344 quial)
420 2259 569 2325 Christus
594 2275 695 2322 exeo
721 2261 812 2322 ortus
837 2262 896 2337 est,
921 2255 1000 2346 [qui]
1025 2257 1163 2325 redemit
1186 2260 1328 2325 mundos
1362 2263 1394 2324 et
1426 2280 1561 2343 congre-

72 2367 163 2449 gavit
184 2386 288 2431 unam
312 2367 481 2432 ecelesiam
505 2368 665 2443 sanctam,
690 2369 877 2430 servaretur
899 2370 1059 2431 memoria
1093 2369 1162 2433 eius
1194 2369 1228 2433 in
1262 2368 1398 2433 ecclesia
1430 2369 1563 2434 seminis

71 2473 134 2548 sui,
159 2470 386 2560 [tradiderunt]
410 2476 448 2537 ut
469 2472 540 2536 istis
563 2471 703 2555 hymnis,
728 2473 848 2555 quibus
871 2475 1110 2556 poenitentiam
1134 2473 1166 2562 [i.
1191 2495 1218 2542 e.
1243 2476 1376 2540 veniam
1410 2480 1563 2558 peccato-

70 2577 157 2666 rum]
181 2580 330 2662 pctierat,
354 2580 614 2661 proclamaretur
635 2581 838 2661 poenitentia
862 2582 930 2646 eius
954 2601 1067 2647 coram
1090 2583 1243 2647 omnibus
1266 2584 1495 2666 peccatoribus
1529 2589 1562 2649 et

71 2688 248 2770 prophetia
276 2688 345 2751 eius
373 2687 414 2751 de
445 2689 569 2752 semino
601 2687 690 2774 suot)
722 2688 756 2752 in
788 2688 918 2754 Christo
951 2690 1281 2756 nraniieslaretur'et
1306 2710 1420 2755 omnes
1447 2691 1563 2758 laudes
1636 2745 1643 2761 .
1684 2710 1691 2759 t

73 2793 192 2882 [omnis
215 2792 329 2881 gloria]
354 2795 423 2859 eius
447 2795 728 2863 annuntiarentur.
773 2796 864 2861 Haec
887 2801 997 2862 autem
1022 2799 1070 2862 sic
1094 2795 1143 2884 [se
1166 2796 1314 2885 habent]

232 2903 273 2967 Et
295 2903 372 2986 quia
395 2904 428 2967 in
451 2903 658 2968 laudationes
682 2907 714 2968 et
736 2895 939 2969 'iaculatoria
973 2904 1153 2987 dispositus
1185 2909 1235 2970 est
1266 2903 1330 2992 [hic
1360 2907 1443 2972 liber
1473 2906 1562 2988 psal·

71 3007 226 3096 morum],
250 3010 457 3075 laudationes
481 3011 602 3076 scilicet
624 3010 738 3094 viginti
762 3015 794 3075 et
816 3031 919 3076 unam
942 3012 1031 3077 beati
1053 3011 1174 3097 Moysis
1199 3018 1232 3079 et
1254 3014 1448 3080 iaculatoria
1466 3034 1562 3079 sexa-

70 3120 173 3201 ginta,
200 3115 273 3204 [hae
298 3116 485 3205 divisiones]
511 3119 574 3182 hoc
598 3119 799 3201 significant:
824 3115 924 3205 [quia]
947 3123 997 3183 ter
1020 3124 1158 3202 septena
1186 3122 1299 3204 viginti
1332 3141 1435 3186 unum
1469 3126 1556 3201 sunt,

75 3223 148 3313 [ita]
164 3229 201 3290 ut
214 3227 400 3308 septenario
420 3245 557 3291 numero
570 3226 697 3291 trinilas
710 3225 927 3307 praedicetur,
939 3225 1035 3291 valde
1047 3227 1220 3309 pulclrrum
1237 3232 1269 3293 et
1291 3230 1487 3294 conveniens
1504 3234 1564 3311 est,

73 3337 132 3398 aut
154 3337 203 3397 ter
225 3334 406 3414 praedicari
440 3334 663 3415 septenarium
695 3353 869 3398 numerum
902 3338 959 3399 aut
992 3336 1112 3417 septies
1144 3337 1351 3422 pronuntiari
1382 3338 1563 3404 ternarium

234 3582 255 3649 ¹)
275 3590 452 3639 adverbum:
471 3583 678 3650 „comnrixtus.“

235 3672 258 3737 'l
276 3680 308 3730 V·
328 3679 403 3730 add:
424 3676 553 3738 „etiam.“

234 3761 256 3826 3)
276 3768 307 3818 V.
328 3769 356 3818 in
375 3784 407 3819 eo
428 3762 526 3832 [librol.

234 3852 256 3916 4)
276 3859 308 3909 V.
329 3875 380 3910 om.
399 3858 425 3908 b.
444 3875 471 3910 v.

234 3943 256 4010 ⁶)
274 3948 316 3999 Ad
335 3963 374 3998 v.=
394 3949 442 3999 Vir
459 3951 503 3999 cui
523 3963 615 4000 ornnes
634 3949 679 3999 isti
699 3947 812 4000 bonores
824 3950 1054 4000 committerentur
1072 3951 1223 4016 prophetia,
1238 3954 1428 4018 sacerdotium,
1445 3971 1565 4021 regnum,
1638 3990 1641 3997 -

74 4041 157 4089 immo
175 4055 239 4090 voro
259 4055 305 4089 cor
322 4039 373 4089 Dei

235 4121 261 4181 ⁶1
279 4127 320 4178 ud
338 4142 379 4176 v.:
401 4143 432 4177 eo
452 4128 534 4194 quod.

236 4211 257 4281 ἵ)
276 4220 307 4269 V.
327 4219 360 4269 de
380 4220 481 4270 semine
502 4218 613 4269 Christi.
