3570 4754
802 275 845 338 49

71 498 307 561 Romanorum
336 493 392 575 qui
423 490 512 554 venit
544 509 643 570 super
666 488 814 553 ludaeos
839 486 916 573 [quo
947 489 1111 551 irruerunt
1143 490 1175 554 in
1209 488 1363 576 ludaeos]
1397 491 1429 554 in
1453 491 1569 555 ultima

70 587 305 669 devastatione
329 598 634 680 Hierosolymorum
658 599 736 677 post
759 596 984 659 ascensionem
1013 595 1144 659 Domini
1168 599 1270 661 nostri
1303 598 1335 660 in
1368 597 1495 662 coelum
1519 598 1568 662 lo·

71 709 225 795 quitur'.)
272 709 343 786 (Vel
367 707 430 774 ita:
458 705 522 783 „Et
544 704 683 767 uectae
717 704 725 766 i
761 724 787 765 o.
810 703 962 766 liberabit
989 707 1104 784 „caput
1127 705 1321 768 lltttllorltm“
1357 725 1396 768 ex
1427 704 1568 768 homini-

70 821 138 884 bus
164 838 184 882 a
208 817 393 899 principatu
417 814 561 899 Seianae
585 816 617 876 et
641 812 755 875 reddet
779 831 834 875 eos
864 811 1030 888 coelestes,
1063 831 1137 874 cam
1160 831 1264 893 usque
1289 811 1397 876 adbuc
1424 812 1457 874 in
1481 816 1569 877 terra

70 928 164 1005 sint)
220 923 298 1002 „lEt
326 922 364 987 de
387 921 457 987 rivo
479 921 516 984 ia
539 919 593 984 oia
617 918 713 984 tilletl
743 917 843 1005 [quod
868 916 1067 1004 factumest]
1094 939 1167 984 curn
1183 899 1358 1002 vaporetur
1380 921 1414 984 in
1437 920 1567 984 deserto

71 1039 107 1099 et
132 1033 308 1098 solitudine
332 1035 364 1094 et
387 1030 554 1094 montibus
578 1033 610 1092 et
637 1027 841 1110 praedicaret
865 1027 1069 1108 evangelium
1093 1027 1220 1108 regne.)
1267 1026 1346 1108 („Et
1368 1026 1403 1090 dc
1431 1033 1570 1092 torrente

71 1142 110 1206 in
137 1140 192 1206 eiu
215 1139 326 1216 balrcffl,
351 1138 403 1201 ille
427 1137 596 1200 Abraham
629 1155 703 1199 cnm
732 1138 948 1198 reverteretur
977 1134 1128 1215 ebcllo.)
1174 1135 1311 1217 Propter
1342 1135 1429 1199 hanc
1462 1135 1569 1199 hurni-

69 1249 245 1314 lialionern
269 1243 490 1328 passionum³)
511 1263 595 1326 quas
611 1243 765 1306 sustinuit
785 1240 1001 1319 „exultabitur
1018 1245 1116 1326 caput
1133 1239 1222 1305 otae
1246 1242 1279 1305 in
1301 1243 1568 1322 resurrectione¹t

72 1363 107 1421 et
132 1355 331 1419 revelabitur
354 1372 428 1416 cum
445 1353 548 1434 gloria
564 1351 712 1415 Deitatis,
748 1350 787 1413 Et
811 1353 1026 1431 cognoscetur
1050 1371 1069 1413 a
1093 1350 1288 1414 coelestibus
1306 1353 1338 1413 ct
1359 1350 1567 1414 terrestribus

73 1448 187 1547 ipsum
213 1483 284 1527 esso
308 1462 412 1525 filiurn
435 1461 503 1524 Dei.
648 1454 654 1471 '

241 1572 418 1644 ([Psalmns]
443 1571 667 1648 nonagesimus
690 1565 875 1646 septimuss’)

241 1679 443 1742 vaticinatur
466 1677 506 1742 de
529 1677 635 1741 reditu
659 1675 772 1763 populi
796 1673 875 1754 suit)
896 1676 928 1737 ct
951 1673 1118 1754 componit
1138 1678 1253 1738 cantus
1277 1673 1317 1737 de
1331 1673 1466 1736 victoria
1491 1670 1569 1760 [epi-

75 1785 179 1871 nicia]
205 1785 336 1850 etfacit
359 1784 519 1864 schema)
544 1783 698 1847 creationi
724 1782 878 1862 mundifl)
925 1782 972 1845 De
995 1782 1193 1845 revelatione
1217 1781 1372 1866 Domini.)

244 1891 439 1970 „Ueranius
458 1893 611 1976 aspiravit,
627 1890 748 1957 ercrtllet
762 1897 867 1956 terra“
895 1887 1120 1972 promissionis
1144 1891 1247 1971 (omni
1266 1890 1440 1953 rebellione
1464 1889 1569 1970 linila)

76 2003 172 2067 cuius
196 2002 369 2082 imperium
393 2021 413 2064 a
436 2001 621 2084 Babyloniis
646 2003 844 2080 occupatum
868 2003 947 2063 crat.
997 1999 1060 2076 „nt
1084 1998 1246 2063 luctentur
1276 1996 1399 2062 ‘trasarice
1425 1997 1560 2062 rrrrrllae“

75 2110 292 2193 (longinquae
316 2114 347 2173 et
370 2110 584 2194 propinquae,
609 2108 807 2191 simulatque
827 2108 1008 2189 receperint
1030 2107 1181 2171 nuntium
1205 2107 1328 2170 laetum
1345 2106 1385 2170 de
1409 2107 1462 2185 im,
1483 2126 1567 2188 quae

74 2216 154 2280 t'ecit
177 2215 264 2279 Deus
288 2216 320 2279 in
345 2216 480 2280 cantate
504 2237 565 2280 sua
580 2216 668 2298 apud
688 2219 771 2301 nos),
796 2217 967 2280 audientes
993 2217 1032 2280 de
1057 2215 1192 2279 victoria
1218 2212 1352 2300 [nostra]
1378 2215 1466 2278 etde
1485 2235 1564 2279 casu

73 2323 250 2407 Babylonii
275 2321 423 2410 [regisllr
474 2322 615 2400 „ructes
638 2330 667 2387 et
690 2321 836 2387 tcuctruc
860 2322 948 2388 circa
976 2331 1066 2388 curu“
1102 2324 1201 2405 (quae
1234 2323 1450 2386 instrumenta
1474 2322 1567 2386 retri-

74 2432 223 2496 butionis
246 2431 386 2496 iustitiae
412 2431 496 2516 [cius
520 2429 633 2517 suad),
658 2424 787 2513 quibus
802 2432 908 2513 operit
932 2428 1051 2518 [vincit]
1086 2433 1232 2497 inimicos
1256 2451 1344 2507 suoS,
1369 2430 1480 2495 delens
1511 2451 1567 2495 cos

74 2546 110 2605 et
142 2541 291 2604 crucians
310 2543 345 2622 ¹⁰)
400 2538 558 2616 „Justitiu
590 2543 616 2601 ct
650 2537 772 2602 ‘iusticie
799 2537 966 2623 frarrdatus
998 2544 1042 2604 cst
1072 2539 1205 2605 tluonus
1236 2539 1325 2604 θ’ὶῑιεα
1362 2559 1468 2621 neque
1499 2539 1567 2602 tieri

72 2653 196 2732 potest,
222 2653 259 2713 ut
274 2649 391 2714 indicet
414 2648 530 2731 cupide
547 2645 700 2734 [partium
725 2649 833 2713 studio
857 2646 1051 2735 indulgens]
1089 2648 1230 2733 suante
1257 2648 1441 2733 (evangelia
1470 2670 1568 2732 „coru-

240 2989 262 3061 ¹)
283 2991 314 3044 B.
333 2991 367 3044 H.
387 2989 492 3055 elau.
530 2992 552 3044 Ι.
573 3006 595 3044 e·
615 2990 709 3045 tricies
729 2996 844 3046 centena
863 2992 951 3046 millia
969 2992 1139 3048 Jralaeonnn
1160 3007 1227 3059 (laos
1256 2990 1416 3046 oeciderunt
1440 2989 1521 3044 Titus
1540 2996 1568 3043 et

74 3081 268 3150 Vespasianus
286 3080 315 3134 in
333 3080 433 3134 ultima
452 3080 646 3134 ‹levastatione
664 3081 827 3135 Jerusalem.

239 3168 262 3240 Ι)
281 3170 312 3223 Β.
332 3170 366 3223 H.
385 3169 490 3235 219,43.
528 3171 550 3224 1.
570 3187 592 3225 e.
613 3187 674 3225 cum
693 3178 845 3240 vagaretur
864 3178 893 3228 et
911 3172 1087 3241 praedicaret
1105 3172 1281 3241 evangelium
1299 3170 1386 3237 regni.

237 3258 262 3330 ³)
281 3260 313 3313 B.
332 3259 365 3312 H.
386 3258 484 3324 arati
502 3259 582 3314 idem.
621 3261 638 3314 S
659 3261 838 3330 „Passionem
857 3263 1086 3318 humiliationis.“
1126 3264 1245 3319 Textus:
1266 3263 1424 3330 Propterea.

239 3347 262 3419 ⁴)
282 3349 313 3402 B.
332 3349 367 3402 Η.
386 3350 496 3416 atala
530 3351 552 3405 I.
572 3367 594 3405 e.
614 3350 642 3404 in
662 3352 864 3408 resurrectione
884 3358 912 3408 et
932 3353 1092 3409 ascensione
1111 3370 1170 3408 sua.

239 3439 260 3502 ⁵)
281 3438 311 3493 G.
337 3438 366 3492 in
390 3440 528 3508 margine:
553 3440 598 3495 Ps.
624 3440 741 3496 XCVII:
774 3460 870 3500 versus
896 3443 1014 3499 XXVII.
1052 3446 1085 3500 B.
1110 3445 1144 3500 Η.
1169 3443 1274 3510 205,20.
1294 3444 1425 3501 ‚Psalmns
1448 3440 1566 3496 Xevu:

75 3533 164 3586 Porro
184 3537 237 3586 ete.
257 3530 329 3584 sieut
348 3529 379 3583 G.

239 3619 658 3691 usuuntummt

239 3707 260 3779 i)
279 3711 301 3763 Ι.
321 3726 343 3764 e.
363 3710 501 3765 schemate
521 3727 567 3765 seu
588 3712 679 3780 figura
693 3729 758 3767 usus
772 3716 886 3782 exponit
905 3717 1073 3773 creationem
1092 3719 1135 3773 vel
1156 3718 1250 3786 potius
1271 3716 1473 3772 ordinationem
1491 3729 1578 3776 mun·¹

75 3801 104 3856 ui
124 3799 253 3870 potentia
272 3799 332 3854 Dei.

238 3889 262 3960 8)
281 3891 313 3956 Β,
332 3889 366 3944 H.
386 3890 488 3957 asael.
528 3892 669 3948 Orestioni
688 3895 749 3949 Dei.

238 3978 262 4051 9)
281 3980 313 4034 Β.
332 3979 366 4034 H.
386 3980 491 4047 205,24.
528 3982 550 4036 I.
571 4000 593 4038 e.
613 3984 679 4039 illae
699 3985 826 4056 [insulae]
848 4006 918 4056 qnae
938 3989 1072 4045 subactae
1086 3998 1167 4045 erant
1186 3992 1252 4058 iugo
1265 3989 1485 4058 Babyloniorum,
1507 4002 1567 4041 cnm

74 4071 227 4136 arrdieriat,
247 4069 367 4124 deletum
386 4086 444 4126 esse
462 4071 648 4140 principatum
668 4091 770 4130 eorum.
808 4078 834 4131 S.
856 4080 933 4146 Quae
952 4080 1103 4134 audierunt
1122 4083 1155 4136 de
1174 4081 1292 4135 victoria
1312 4080 1414 4148 populi.

239 4158 273 4230 ll)
293 4160 325 4214 B.
343 4161 376 4214 H.
396 4161 502 4228 205‚26‚
539 4164 561 4218 Ι.
581 4180 604 4219 e.
624 4166 724 4231 quibus
744 4169 836 4234 operit
855 4176 885 4224 et
904 4171 1009 4225 cruciat
1029 4171 1156 4226 inimicos
1175 4187 1248 4238 suos,
1270 4171 1363 4227 delens
1384 4171 1460 4240 [eosl.

1635 1996 1663 2046 p.
1684 1984 1718 2035 50
