3570 4754
806 254 848 319 43

673 346 706 357 vn
715 350 721 356 .
727 345 794 356 mm
801 345 818 355 ,Α
823 343 840 354 »⁸

73 472 206 560 gantur]
232 477 264 537 et
287 474 320 536 in
343 476 375 536 te
399 474 612 536 numerentur
643 474 778 552 propter
808 471 969 560 honorem
1002 476 1035 536 et
1067 473 1226 538 beneficia
1249 494 1334 557 quae
1367 477 1409 540 ab
1445 496 1484 541 co
1514 478 1572 542 tibi

72 586 163 649 iacta
188 579 333 668 [tributa]
359 583 446 643 sunt.
493 576 653 656 „··¹0mnu
675 577 775 664 plotio
799 579 871 657 eius,
886 578 977 660 filiae
1009 581 1107 664 capim
1141 579 1332 667 (Ecclesiae)
1365 574 1492 661 „intud‘
1517 604 1572 649 oc-

72 693 164 756 culta
187 696 267 773 „esr‘
292 687 391 772 (quae
416 685 540 773 [gloria]
566 690 615 749 est
635 686 784 751 Christus
807 690 838 750 et
862 687 1019 751 miracula
1041 688 1110 751 eius
1127 693 1159 752 et
1182 689 1284 754 virtus
1302 691 1371 755 eius
1395 696 1427 755 et
1442 692 1572 774 sapien-

73 801 120 864 tia
144 798 228 881 eius)
252 798 262 860 i
298 816 315 860 e
347 795 551 878 praestantia
569 794 670 857 animi
694 803 727 857 et
751 795 876 874 puritas
895 793 1154 878 conscientiae¹),
1179 815 1246 874 qua
1264 794 1435 884 [homines]
1460 819 1573 880 praes-

70 914 184 974 tantcs
209 904 439 986 gloriabuntur
494 902 556 982 „Et
588 911 701 965 ornato
734 910 774 962 cst
808 901 892 963 ccctis
915 902 982 966 eins
1005 922 1083 967 auro
1105 902 1210 982 bond‘,
1245 905 1333 986 quod
1366 909 1415 970 est
1448 906 1573 971 donum

71 1014 244 1101 spirituale
269 1033 286 1076 e
310 1012 475 1094 baptismo
501 1007 726 1096 [acceptuml²)
752 1012 783 1072 ct
806 1010 931 1091 puritas
956 1014 987 1074 et
1012 1011 1155 1093 spendor
1179 1016 1222 1096 (el
1246 1033 1339 1077 amor
1361 1015 1523 1095 perlectus
1540 1019 1573 1079 et

70 1123 222 1208 iustitia).
269 1118 397 1201 „¹⁵Cum
422 1118 606 1201 sacrific-iis‘,
640 1117 864 1198 spiritualibus
894 1117 1027 1195 „accedet
1058 1119 1101 1183 od
1130 1120 1246 1206 reperm‘
1280 1142 1438 1204 sponsum
1463 1142 1571 1200 suum,

71 1255 174 1320 quem
198 1234 323 1296 honore
347 1230 466 1294 afficiet
521 1229 682 1290 Accessus
712 1225 764 1288 hie
795 1245 855 1307 pro
891 1226 1097 1308 cogitationis
1121 1233 1213 1293 motu
1246 1231 1374 1311 positus
1407 1234 1465 1294 est.
1510 1230 1574 1310 „Et

68 1339 258 1430 afferendi)
284 1338 356 1402 illos
380 1337 435 1420 qui
461 1337 494 1399 in
518 1335 581 1399 hoc
604 1333 718 1397 ordine
742 1332 936 1414 virginitatis
970 1339 1057 1412 sunt,
1092 1336 1250 1422 „vir-pines
1272 1339 1368 1401 socius
1394 1339 1479 1400 eius'‘
1505 1335 1573 1435 [so]

70 1450 237 1516 Ecclesiae
260 1450 358 1532 (quae
381 1445 560 1527 discipulae
584 1444 652 1506 eius
676 1442 783 1505 sactae
806 1445 883 1504 sunt
907 1441 939 1504 in
971 1461 1011 1506 ea
1035 1439 1251 1529 [disciplinam
1281 1447 1349 1511 eius
1378 1444 1574 1530 acceperunt

71 1560 109 1622 in
133 1553 301 1641 Ecclesia])
327 1562 414 1639 ,post
429 1551 526 1618 eom.“
551 1551 698 1614 Aderant
717 1553 827 1612 autern
854 1545 946 1634 [illas]
977 1551 1018 1613 ad
1038 1549 1201 1616 Christum
1220 1574 1320 1635 opera
1337 1574 1422 1636 quac
1439 1561 1574 1637 egerunt

55 1668 108 1730 in
124 1663 269 1728 Ecclesia
292 1663 326 1725 in
348 1660 534 1741 virginitate
551 1657 651 1740 suat),
677 1656 744 1719 sive
758 1655 815 1719 viri
841 1655 909 1718 sive
927 1657 1077 1721 mulieres
1097 1664 1182 1726 sunt,
1199 1660 1313 1725 Ordini
1338 1659 1573 1748 [sexuilautem
1664 1689 1670 1702 ·
1726 1688 1733 1706 ·

71 1772 250 1836 mulierum
288 1768 435 1832 attribuit
471 1764 702 1847 virginitatem,
727 1763 823 1844 quasi
858 1764 990 1845 reginae
1023 1767 1208 1831 meminerit
1241 1765 1409 1855 [quoniain
1442 1771 1573 1852 reginae

71 1875 233 1963 meminit]
267 1880 299 1941 ct
335 1875 429 1957 quasi
462 1874 534 1938 illas
563 1873 676 1936 deceat
706 1871 833 1952 puritas
857 1874 888 1934 et
920 1869 1042 1958 [animi]
1067 1875 1229 1940 modestia
1254 1873 1443 1963 [humilitas]
1467 1881 1572 1960 magis

72 2007 177 2071 quarn
200 1986 295 2049 viros.
341 1982 435 2064 „¹⁶Et
449 1989 608 2066 sequentur
631 1979 666 2041 in
682 1978 796 2063 punctio
820 1987 848 2042 et
864 1976 1003 2044 laetam
1030 2000 1137 2063 neque
1162 1980 1266 2068 [vero]
1293 1988 1427 2049 coactae
1452 1990 1484 2051 et
1508 1985 1573 2051 lae·

72 2099 185 2160 tantes
209 2111 315 2173 neque
347 2110 424 2154 vero
458 2109 532 2154 cum
562 2088 674 2151 dolore
704 2084 872 2173 [maestae]
907 2087 992 2151 hanc
1020 2090 1272 2169 promissionem
1301 2093 1505 2175 virginitatis
1536 2099 1573 2163 ut

74 2203 237 2285 impleant
270 2197 377 2286 [eanrl.
431 2197 495 2282 „Et
525 2195 738 2281 inpedientur·
771 2195 804 2256 in
834 2192 976 2278 templum
1008 2196 1107 2280 πρίω(
1134 2198 1154 2261 i.
1187 2218 1213 2262 e.
1246 2199 1279 2262 in
1314 2176 1507 2280 thalamum,
1541 2203 1574 2267 in

75 2333 175 2396 quern
198 2312 365 2392 ingressus
390 2311 439 2371 cst
463 2304 544 2392 [ipse
561 2301 725 2388 sponsusl,
756 2303 788 2366 in
813 2303 933 2384 gaudio
959 2303 1098 2387 virgines
1116 2306 1290 2388 sapientes.
1337 2309 1453 2396 „¹⁷Pr0
1475 2311 1575 2395 patri·

73 2421 130 2484 bas
153 2419 239 2483 tuis“
264 2415 485 2502 (infidelibus),
511 2436 530 2479 o
555 2414 708 2489 Ecclesia,
749 2413 804 2495 qui
837 2417 914 2477 sunt
946 2415 1133 2479 sacerdotes
1167 2419 1198 2479 et
1230 2421 1321 2482 vates
1355 2415 1493 2505 [harioli]
1517 2419 1574 2502 qui

76 2532 162 2594 inter
190 2530 302 2610 gentes
336 2521 516 2610 [vivunt]⁵),
551 2532 663 2599 ,ament
686 2521 757 2605 filii
788 2519 868 2600 tui,·‘
897 2522 953 2603 qui
984 2543 1024 2586 ex
1056 2528 1087 2588 te
1111 2526 1315 2607 nascentrrr⁸)
1339 2526 1574 2608 (confessores)

75 2636 264 2701 sacerdotes
290 2638 321 2698 et
345 2634 495 2697 doctores
520 2632 666 2695 veritatis
690 2630 734 2695 illi
758 2630 856 2712 quie
888 2634 985 2710 gente
1020 2628 1141 2718 [lsrael]
1174 2637 1207 2697 et
1236 2635 1430 2716 egentibus
1454 2636 1574 2700 constin

75 2745 136 2810 tuti
164 2747 240 2807 sunt
299 2741 398 2820 ‚dicit
420 2762 465 2804 cos
485 2740 641 2824 principes
673 2739 708 2800 ia
732 2738 817 2802 onim
844 2736 948 2798 terrm‘
982 2739 1024 2804 ad
1047 2739 1216 2821 ligandum
1250 2747 1282 2806 et
1315 2743 1508 2807 solvendum
1541 2744 1573 2808 in

75 2854 168 2918 coele
193 2856 225 2916 ct
248 2852 281 2915 in
305 2851 429 2934 terrae,
465 2869 563 2932 super
587 2869 701 2912 omnes
726 2848 894 2912 credentes
918 2850 950 2912 in
976 2846 1119 2925 Christo,
1144 2847 1229 2931 ‚,¹⁸ot
1259 2850 1489 2915 racmioerimns
1520 2871 1574 2916 no·

76 3032 397 3041 ——--.---——

236 3155 259 3224 ¹)
278 3162 308 3212 B.
328 3161 362 3211 H.
385 3161 489 3221 lateo.
527 3153 549 3207 I.
571 3175 595 3208 e.
614 3159 780 3223 praestantia
800 3159 884 3208 animi
903 3162 931 3208 et
949 3159 1051 3222 puritas
1071 3157 1256 3207 conscientiae
1269 3171 1355 3222 neque
1374 3174 1436 3208 vero
1456 3158 1571 3224 pulchri·

75 3253 138 3304 tudo
160 3257 269 3302 externa
287 3259 315 3300 et
334 3251 513 3301 linimentum.

239 3336 261 3402 2)
280 3342 311 3392 B.
334 3342 366 3391 H.
388 3334 497 3400 total.
536 3337 556 3390 l.
576 3358 598 3390 e.
620 3339 689 3388 dono
709 3337 854 3402 spitituali.

235 3426 257 3493 ³)
278 3432 307 3482 B.
329 3432 362 3482 H.
384 3424 469 3493 1542,
509 3430 582 3480 Neve
602 3430 701 3494 legeris
720 3423 888 3488 „naubelrrrr”
910 3429 966 3477 sine
982 3443 1045 3477 wau
1067 3427 1203 3488 feminine,
1224 3429 1288 3492 quia
1308 3425 1371 3477 huic
1389 3423 1488 3491 [verbo]
1511 3444 1571 3479 sen·

75 3541 120 3573 sus
141 3539 194 3572 non
214 3527 263 3572 cst.

239 3604 249 3637 ⁴
283 3611 386 3661 Sem:
407 3611 469 3660 Sua.

235 3612 260 3760 5))
278 3701 305 3751 S.
325 3701 349 3751 E
369 3701 495 3765 gentibus
543 3700 571 3748 n.
593 3699 626 3748 H.
647 3691 724 3761 154,ss
744 3693 758 3745 I
787 3715 811 3747 e.
833 3697 986 3748 sacerdotes
1006 3696 1099 3748 domus
1118 3697 1208 3749 Aaron
1227 3702 1254 3747 et
1271 3698 1409 3763 pontifices
1429 3702 1456 3748 et
1474 3697 1571 3748 harioli

75 3809 89 3842 e
127 3793 247 3842 entibus.

107 3808 126 3857 g
235 3873 257 3942 ⁰)
278 3879 306 3932 S.
335 3881 386 3941 Qui
411 3884 557 3930 nascuntur
581 3897 612 3930 ex
636 3880 675 3931 to.
713 3879 742 3928 B.
768 3877 804 3928 H.
831 3871 921 3940 latr.
960 3873 981 3924 Ι.
1007 3893 1030 3927 e.
1061 3876 1212 3929 sacerdotes
1237 3882 1264 3929 et
1284 3877 1405 3930 docteres
1430 3881 1475 3944 qui
1501 3895 1518 3928 a
1544 3883 1570 3931 tc

75 3973 205 4022 oriuntur.

234 4052 255 4121 7)
275 4060 304 4108 ll.
325 4060 362 4110 H.
384 4051 470 4117 154,8.
508 4059 544 4107 Ut
569 4057 684 4121 ligarent
708 4062 735 4107 et
760 4056 894 4107 solverent
920 4059 947 4108 iu
971 4057 1046 4106 coelo
1071 4063 1098 4107 ct
1124 4060 1152 4107 iu
1170 4062 1249 4108 terra.
1295 4057 1351 4109 cn.
1377 4057 1443 4108 Mat.
1474 4061 1513 4119 18,
1537 4062 1567 4108 18

74 4154 100 4201 et
121 4151 163 4211 16,
188 4151 229 4200 19.
