3570 4754
723 321 752 331 ἢ·-
758 325 763 330 -
772 321 788 331 κ.
795 326 801 331 .
809 321 898 331 πὰν-’,Ὗ-
906 326 910 330 -
917 326 922 331 .
929 326 935 331 -
941 320 971 332 .·.·.
977 322 988 331 .-
1000 321 1036 332 ,μυ

136 443 390 525 comparaveris,
414 463 500 525 quae
523 442 659 507 diversis
681 443 762 508 locis
784 444 896 527 aliqua
919 464 958 508 ex
982 448 1075 530 parte
1106 444 1326 519 inveniuntur,
1355 443 1516 506 eiusmodi
1540 443 1624 506 liber

133 550 336 633 psalmomm
360 555 420 634 est,
444 551 472 614 si
495 556 706 632 comparatur
729 551 772 616 ad
796 554 922 616 ceteros
953 552 1054 616 libros
1088 548 1234 637 [saeros]
1291 551 1327 613 ln
1360 555 1503 631 quatuor
1534 551 1625 614 enim

133 677 254 740 genera
277 656 445 722 doctrinae
469 658 662 735 invenimus,
688 658 825 723 verbum
849 678 1018 724 sacrorum
1041 659 1202 723 libromm
1226 659 1367 722 divisum
1390 678 1462 720 esse
1479 657 1624 739 proplie-

133 764 215 828 tiam
226 763 357 848 sedicet,
371 765 603 841 narrationem,
616 765 864 848 legislationem,
880 763 1140 854 [institutionem]
1160 767 1341 848 sapientiae
1358 769 1509 847 quaeest
1525 765 1626 828 timor

133 871 201 936 Dei
245 869 360 953 Neque
382 872 469 935 enim
493 873 611 954 singuli
645 872 717 937 libri
751 874 919 939 continent
950 894 1053 938 unum
1086 893 1125 938 ex
1158 874 1209 937 his
1241 872 1416 954 generibus
1453 872 1560 935 solum
1592 875 1626 934 et

134 981 326 1060 separatum
350 998 371 1043 a
392 980 516 1046 ceteris.
562 980 647 1045 Nam
671 980 793 1066 (ercet)
825 982 857 1045 in
889 981 979 1045 libris
1010 981 1246 1064 prophetarum
1280 980 1379 1043 etiam
1415 979 1624 1043 narrationes

136 1082 268 1172 [rerum]
298 1087 550 1167 praeteritarum
582 1089 787 1170 reperiuntur
817 1093 850 1153 et
882 1090 916 1153 in
946 1089 1037 1152 libris
1071 1089 1284 1152 historiarum
1318 1087 1418 1151 etiam
1450 1086 1627 1168 prophetia

136 1189 269 1280 [rerum]
293 1193 480 1260 futurarum
505 1197 665 1278 reperitur
688 1201 721 1261 et
744 1197 932 1261 adhortatio
957 1201 989 1260 et
1013 1196 1139 1278 rogatio
1162 1199 1196 1260 et
1219 1195 1400 1276 gratiarum
1424 1195 1520 1270 acti0,
1539 1213 1626 1275 quae

135 1319 256 1382 genera
278 1299 427 1383 dispersa
450 1302 483 1365 in
506 1304 596 1368 libris
620 1305 773 1369 omnibus
797 1306 1013 1369 inveniuntur.
1062 1304 1097 1366 ln
1120 1303 1183 1366 hoc
1205 1321 1283 1365 vero
1306 1301 1388 1366 libro
1418 1301 1625 1382 psalmomm

137 1426 252 1471 omnes
275 1407 358 1472 istae
381 1429 433 1472 res
456 1409 610 1475 collectae
633 1415 667 1476 et
689 1413 891 1493 compositae
914 1418 991 1476 sunt
1015 1414 1047 1474 et
1070 1412 1165 1493 quasi
1190 1406 1331 1496 [corpus]
1356 1429 1396 1472 ex
1420 1408 1577 1471 membris
1594 1412 1628 1471 et

136 1514 286 1597 partibus
309 1536 348 1579 ex
371 1517 524 1581 omnibus
546 1518 608 1583 illis
625 1517 820 1607 [generibus]
837 1520 1080 1602 conglutinatus
1097 1522 1157 1583 est.
1203 1516 1305 1581 Docet
1320 1517 1406 1580 enim
1424 1515 1465 1579 de
1481 1519 1628 1579 creatore

137 1625 170 1687 et
192 1622 323 1688 instruit
347 1623 388 1687 de
411 1624 619 1691 moderatore
643 1631 675 1690 et
698 1628 923 1691 adversarium
939 1627 1058 1691 harum
1076 1625 1300 1689 doctrinarum
1317 1621 1447 1698 refellit,
1466 1642 1522 1686 eos
1540 1623 1627 1699 dico,

138 1731 195 1813 qui
218 1731 379 1797 mundum
403 1733 502 1796 istum
526 1734 704 1798 essentiam
728 1731 784 1820 [sc.
810 1731 1008 1819 absolutam]
1034 1753 1106 1797 esse
1130 1732 1335 1796 contendunt
1359 1751 1500 1813 eumque
1524 1730 1623 1793 nullis

140 1836 357 1903 moderatoris
403 1837 503 1903 frenis
549 1841 582 1905 in
628 1861 689 1906 suo
734 1862 831 1906 cursu
877 1839 1005 1928 [dirigi]
1055 1845 1087 1904 et
1121 1840 1216 1903 docet
1244 1839 1379 1919 insuper
1409 1839 1450 1902 de
1478 1837 1628 1901 mercede

140 1941 332 2032 [hominum]
364 1945 543 2011 sollertium
575 1953 608 2013 et
631 1949 670 2014 de
693 1950 862 2031 punitione
887 1945 1079 2035 [hominum]
1104 1946 1337 2010 sceleratorum
1370 1948 1402 2008 et
1436 1940 1627 2029 [admonet]

140 2055 177 2116 ut
199 2050 328 2117 desinat
349 2053 450 2118 homo
475 2075 495 2118 a
519 2057 612 2122 malis
636 2060 668 2121 et
692 2058 827 2123 accedat
850 2058 894 2120 ad
918 2058 1007 2122 bona
1023 2060 1056 2119 et
1071 2050 1224 2140 [iustruit]
1242 2052 1283 2116 de
1300 2072 1411 2116 amore
1430 2071 1506 2133 erga
1522 2050 1628 2115 Deum

140 2158 235 2225 etde
257 2161 392 2224 caritate
415 2181 492 2245 erga
515 2163 664 2229 homines
688 2170 721 2229 et
743 2168 850 2229 exstat
872 2164 905 2227 in
929 2183 968 2228 eo
998 2162 1172 2244 prophetia
1203 2180 1312 2224 rerum
1343 2159 1528 2223 futurarum
1552 2179 1620 2223 uua

141 2285 215 2333 cum
228 2267 371 2332 historiis
384 2288 492 2333 rerum
504 2275 671 2351 gestarum
684 2272 937 2354 praeteritarum
947 2274 980 2334 et
989 2273 1164 2334 occurrunt
1174 2269 1206 2332 in
1219 2286 1258 2331 eo
1269 2268 1407 2348 insuper
1417 2286 1539 2347 genera
1550 2286 1628 2330 eon·

140 2374 291 2441 fessionis
314 2381 347 2441 et
369 2379 550 2459 gratiarum
573 2380 710 2444 actionis
734 2383 766 2443 et
790 2396 920 2443 morum
944 2381 1123 2460 praecepta
1149 2380 1181 2439 et
1197 2374 1321 2439 multae
1338 2375 1568 2456 instantesque
1586 2375 1629 2458 (i)

143 2480 344 2570 [doctrinae]
368 2484 409 2547 de
432 2486 529 2549 rebus
553 2505 636 2568 quas
660 2506 680 2551 a
703 2486 773 2551 Deo
796 2503 950 2567 rogemus
974 2489 1006 2548 et
1021 2483 1190 2566 quomodo
1207 2503 1263 2546 eas
1279 2486 1441 2564 petamus.
1480 2481 1627 2564 Denique

143 2612 218 2658 cum
240 2592 313 2657 libri
337 2592 436 2658 divini
460 2594 569 2675 imago
593 2594 828 2678 speculumque
852 2593 918 2656 sint
939 2592 1095 2656 scientiae
1122 2590 1263 2668 divinae,
1287 2588 1341 2654 hic
1357 2596 1469 2655 tamen
1494 2588 1628 2676 [im-ugo]

143 2703 193 2765 est
215 2699 398 2765 accuratior
421 2701 573 2766 omnibus
596 2705 630 2767 et
652 2701 735 2765 sicut
758 2702 866 2783 imago
891 2705 923 2765 et
947 2704 1058 2764 statua
1081 2700 1175 2781 regis,
1193 2719 1279 2781 quae
1295 2703 1429 2781 propter
1445 2699 1630 2780 pulchritu-

143 2805 253 2871 dinem
277 2825 431 2888 magnam
455 2807 602 2871 colorum
626 2813 658 2872 et
680 2813 818 2875 naturae
842 2808 1010 2878 materiae,
1033 2808 1155 2890 quibus
1180 2811 1299 2872 ornata
1330 2811 1390 2884 est,
1424 2807 1528 2888 magis
1560 2825 1631 2868 om-

143 2915 240 2979 nibus
264 2915 378 2979 ceteris
401 2914 599 2996 imaginibus
622 2920 654 2979 et
677 2917 795 2982 statuis
818 2915 1007 2980 videntibus
1041 2916 1288 2981 similitudinem
1322 2916 1406 2997 regis
1439 2918 1631 2978 accuratam

144 3021 288 3089 indicare
311 3024 430 3104 potest,
455 3022 501 3086 sic
524 3023 557 3086 in
581 3042 620 3087 eo
645 3021 699 3111 [se.
723 3024 809 3088 libro
826 3021 1039 3110 psalmorum]
1058 3028 1193 3088 exactae
1209 3022 1437 3087 similitudines
1455 3026 1487 3086 et
1505 3022 1631 3104 pulchri

144 3134 418 3214 praestantesque
430 3130 555 3195 colores
570 3129 682 3218 [sunt]
694 3132 863 3214 exquibus
876 3133 1061 3214 composita
1075 3135 1124 3196 est
1140 3132 1295 3196 scientiae
1307 3131 1436 3194 divinae
1452 3131 1570 3211 imago.
1593 3129 1634 3193 Et

148 3242 199 3303 est
222 3237 310 3302 velut
333 3237 400 3303 dux
423 3257 521 3304 caeco
546 3243 577 3304 et
601 3240 688 3304 velut
710 3240 767 3304 lux
791 3239 934 3304 tenebris
961 3240 1004 3303 ad
1021 3238 1244 3305 accedendum
1260 3238 1303 3302 ad
1320 3237 1434 3316 Deum,
1452 3256 1527 3302 cum
1545 3237 1634 3301 velut

146 3345 180 3409 in
212 3345 353 3427 imagine
386 3349 610 3427 repraesentet
642 3344 695 3433 [et]
729 3347 850 3410 revelet
880 3347 976 3411 nobis
1009 3346 1192 3427 potentiam
1225 3349 1256 3408 et
1288 3345 1428 3426 gratiam
1461 3364 1528 3408 una
1559 3364 1634 3408 cum

144 3451 269 3517 iustitia
312 3455 345 3515 et
393 3452 640 3534 longanimitate
685 3454 742 3518 Dei
777 3458 809 3518 et
843 3455 937 3536 quasi
972 3454 1131 3535 paulatim
1163 3452 1306 3517 adducat
1343 3472 1405 3516 nos
1442 3451 1483 3515 ad
1519 3451 1631 3532 cogni·

146 3558 271 3623 tionem
295 3561 327 3622 et
350 3558 517 3623 servitium
540 3561 610 3624 eius
633 3564 666 3623 et
689 3561 863 3625 commoda
886 3581 926 3624 ex
949 3562 1037 3625 cultu
1060 3562 1129 3625 eius
1154 3556 1402 3646 [provenientia]
1427 3558 1522 3621 nobis
1556 3576 1633 3639 pro·

147 3669 256 3733 mittat
279 3673 311 3733 et
334 3668 430 3751 quasi
455 3669 553 3732 armis
578 3669 725 3751 probatis
751 3688 812 3734 nos
837 3668 951 3733 induat
974 3669 1083 3733 verbis
1107 3668 1175 3731 suis
1208 3667 1309 3731 sacris
1345 3669 1377 3729 et
1410 3667 1443 3729 in
1477 3665 1632 3728 omnibus

148 3777 382 3843 certaminibus
406 3777 555 3841 vincendi
580 3777 734 3841 fiduciam
758 3778 854 3841 nobis
878 3777 995 3860 pariat.
1042 3776 1089 3840 Hi
1103 3775 1188 3840 enim
1203 3796 1253 3835 ver
1270 3794 1308 3836 ue
1320 3792 1390 3838 cnm
1407 3773 1445 3836 ab
1459 3771 1636 3836 hominibus

148 3883 297 3970 religiosae
333 3865 419 3948 modo
456 3884 497 3947 eie
536 3883 722 3949 conwnicnti
755 3884 935 3959 recitantur,
963 3882 1142 3970 propellunt
1174 3881 1329 3944 doemones
1369 3889 1570 3967 repugnantes
1612 3889 1637 3943 et

149 3993 346 4058 induerant
368 4014 414 4058 eoo
436 4002 552 4056 nonnos
573 3990 694 4078 angelos
717 4001 742 4053 et
764 3991 842 4075 quid
863 3991 929 4054 dico
950 3989 1092 4079 aripaldo?
1113 4011 1181 4054 cum
1203 3989 1295 4053 niam
1319 3985 1474 4053 Christum
1506 3988 1637 4074 redemp-

148 4113 239 4170 torem
274 4105 411 4168 oninium
445 4104 488 4168 od
520 4100 678 4166 auritium
712 4121 813 4164 corum
846 4099 1007 4164 adducam
1035 4107 1061 4162 ai
1093 4097 1198 4186 pratia
1232 4094 1376 4193 Spiritum
1408 4095 1513 4162 sandi
1547 4096 1638 4183 dipui
