3570 4754
828 307 1048 409 2

146 523 267 606 gloriae
301 523 399 607 eius¹)
430 523 510 605 (‚,Et
531 521 729 587 circumdedit
756 522 787 586 ei
818 521 959 585 uestram
991 527 1115 599 errand,
1152 541 1193 585 ne
1224 523 1387 586 videretur
1419 523 1462 586 ab
1496 522 1640 586 inimicis

145 633 215 696 eius
248 631 429 714 redemptio
472 632 541 695 eius
572 631 782 705 illuminans).
828 630 946 697 Aliter:
978 629 1122 706 („Posaii
1154 628 1307 694 tenebras“
1345 650 1463 713 eorpus
1487 630 1641 695 mortali-

144 741 220 802 tatis
248 736 447 815 „ratherium
474 739 612 803 Deitatis
628 758 708 802 suae
731 738 917 801 laudandae
933 738 1070 801 vestitae
1085 735 1223 801 lumine2
1263 744 1307 814 „et
1329 738 1528 802 circumdedit
1553 736 1641 802 ilud

143 845 252 906 riarium
276 851 351 907 aaaa
379 845 396 909 i.
421 865 447 910 e.
472 844 593 908 lumine
616 845 752 909 Deitatis
777 865 865 925 suae,
889 864 931 907 ne
964 845 1089 926 sagittis
1114 845 1305 909 ardentibus
1341 847 1549 910 inimieorum
1575 847 1641 910 im·

143 952 310 1034 pediretur
342 953 375 1016 in
407 952 492 1016 bello
530 953 618 1034 quod
650 972 761 1017 seeum
798 950 982 1038 [gererent]
1042 951 1223 1029 „Tenebrae
1255 975 1410 1037 epicurum
1439 954 1474 1016 iu
1501 952 1641 1018 arabibus

142 1059 257 1138 (aaran
275 1064 404 1125 creatae
432 1059 503 1136 „¹⁹er
517 1083 538 1121 a
553 1058 708 1145 apertiore
723 1058 850 1124 umbrae
866 1060 954 1124 eius“
976 1058 1046 1148 [se]
1062 1061 1119 1124 Dei
1136 1062 1363 1142 persecutione
1379 1066 1516 1126 vexatus
1534 1058 1640 1148 [est]).

306 1168 449 1245 „¹⁵Misit
471 1169 602 1251 eupitius
625 1176 715 1230 eius“
743 1169 763 1233 i.
788 1189 815 1232 e.
840 1170 941 1233 verba
958 1189 1018 1233 sua
1047 1179 1089 1245 „et
1112 1169 1256 1253 diepa-eit
1277 1177 1340 1232 eoe“
1368 1167 1399 1256 [i.
1416 1167 1452 1255 e)
1482 1169 1640 1234 inimicos

142 1276 197 1357 qui
222 1277 408 1359 congregati
432 1281 525 1341 erant
556 1281 704 1358 (propter
735 1277 937 1358 prioritatem
965 1277 1138 1340 verborum
1170 1277 1406 1358 prophetarum
1444 1275 1463 1363 [i
1503 1297 1529 1340 e.
1556 1279 1640 1359 qnia

140 1384 230 1465 prius
254 1385 353 1449 locati
377 1389 471 1449 erant
494 1383 700 1472 prophetaelr
728 1368 924 1470 „et'fulpruu
955 1407 1013 1447 aare
1036 1383 1253 1469 madiipliceuit
1275 1392 1305 1448 et
1333 1383 1527 1469 perturbavit
1556 1391 1638 1469 eius“,

141 1510 182 1554 ne
206 1492 284 1573 quid
308 1493 488 1557 clamarent
512 1493 555 1557 ad
579 1493 736 1557 auxilium
759 1513 865 1558 suum.
905 1489 1059 1574 (Fulgura
1083 1513 1145 1557 sua
1168 1493 1445 1575 praedicationem
1471 1491 1639 1573 evangelii

141 1598 287 1684 vocatu)
382 1666 385 1671 4

300 1708 479 1792 ([Pselmus]
502 1710 667 1773 vicesimus
691 1707 856 1795 quartusfi)

300 1817 490 1881 Admonitio
514 1818 556 1881 ad
580 1821 711 1898 gentem
741 1819 773 1882 in
796 1818 978 1902 Babylonia
1008 1815 1212 1904 [degenten1)‚
1241 1838 1282 1880 ne
1306 1837 1400 1899 spem
1432 1817 1561 1882 reditus
1586 1820 1638 1882 di-

139 1924 334 2010 mittorent5)
358 1925 480 2007 quippe
503 1925 559 2008 qui
575 1926 743 1991 crederent
767 1928 844 1991 solis
860 1926 1094 2008 Hierosolymis
1117 1925 1223 1989 Deum
1247 1945 1328 2001 esso,
1354 1944 1427 1989 eum
1451 1925 1511 2007 ipsi
1540 1931 1639 1991 extra

138 2035 260 2096 terram
283 2033 510 2114 promissionis
541 2031 722 2120 [viverentl.
769 2034 960 2098 Admonitio
993 2033 1138 2114 gerrtium
1164 2052 1249 2114 quae
1273 2032 1474 2097 domesticae
1498 2033 1638 2100 Christo

139 2140 245 2204 saetae
269 2143 345 2204 sunt
369 2146 401 2205 et
423 2141 457 2205 in
482 2162 519 2205 eo
544 2144 762 2226 permanent.)

297 2248 454 2328 „⁷Eleeute
472 2255 599 2334 portae‘
623 2247 784 2333 (cordium
809 2248 934 2334 „eapite
950 2246 1095 2331 aarum),
1121 2249 1243 2331 quippe
1259 2268 1343 2331 quae
1368 2250 1410 2312 ab
1428 2246 1500 2336 [his]
1519 2255 1637 2332 septn-

137 2355 247 2434 aginta
271 2358 365 2421 annis
389 2358 586 2439 captivitatis
611 2358 755 2422 deiectae
778 2358 876 2422 eratis
931 2357 1090 2422 Mandata
1124 2357 1245 2421 scilieet
1277 2357 1334 2421 Dei
1363 2361 1480 2438 portae
1513 2360 1636 2424 Hiero·

138 2464 339 2546 solymorum
363 2466 538 2530 elevabunt
561 2466 670 2548 capita
694 2486 754 2529 sua
779 2485 890 2529 eoram
915 2465 1140 2529 sacerdotibus
1165 2468 1197 2528 et
1212 2463 1350 2528 ducibus
1374 2484 1480 2546 neque
1505 2465 1636 2549 indige-

136 2573 220 2636 bunt
242 2573 385 2658 homine,
410 2573 465 2654 qul
489 2593 545 2637 eas
570 2574 697 2655 aperiat
714 2591 736 2656 ).
784 2573 984 2656 „Eleuumini
1008 2582 1120 2658 portae
1148 2574 1224 2652 peria
1247 2571 1285 2636 ab
1307 2582 1427 2634 aeterne
1449 2576 1635 2658 temporem)

136 2678 227 2762 (quia
250 2700 270 2743 a
293 2681 408 2745 diebus
431 2681 576 2762 paradisi
592 2681 722 2745 clausae
739 2680 851 2765 eratis)
876 2685 907 2745 et
930 2682 1096 2744 asaeeulo
1122 2681 1244 2745 dietum
1269 2685 1339 2744 erat
1363 2700 1420 2762 per
1436 2681 1633 2762 prophetas

136 2788 191 2868 qui
222 2788 501 2869 prophetaverant
529 2788 768 2864 hiematurum
796 2786 877 2853 θεεε(ζ
909 2790 941 2852 in
975 2787 1047 2872 vos)
1081 2807 1196 2873 „repam
1229 2787 1404 2853 irorzeraua“
1438 2789 1540 2866 ilhnn,
1575 2792 1633 2872 qui

136 2913 286 2975 egressus
311 2900 381 2960 erat
404 2894 502 2979 (sibi),
527 2898 719 2979 prinsquam
745 2897 904 2978 caperetis
934 2894 1042 2983 lenm),
1069 2895 1214 2983 [sedens]
1239 2898 1272 2961 in
1297 2917 1402 2976 curru,
1427 2917 1527 2978 quern
1548 2899 1634 2963 vidit

295 3110 318 3181 1)
338 3111 355 3164 S
376 3113 453 3167 add:
476 3112 515 3182 „A
535 3112 680 3180 splendore
698 3113 811 3167 umbrae
831 3112 906 3166 eius“
927 3112 944 3165 i.
965 3129 987 3167 e.
1008 3129 1024 3165 a
1043 3113 1121 3166 radio
1140 3112 1251 3167 luminis
1271 3113 1337 3167 eius.

293 3199 316 3270 2)
336 3201 368 3254 B.
388 3201 422 3254 H.
443 3203 531 3267 noa.
568 3203 590 3256 Ι.
611 3217 633 3256 e.
654 3202 790 3256 oeeultam
802 3202 953 3268 Deitatem,
972 3203 1126 3269 incorpore
1140 3203 1213 3270 quod
1232 3203 1384 3271 assumpsit
1403 3220 1419 3257 a
1438 3204 1519 3259 nohis
1538 3205 1632 3263 Filius

135 3293 164 3342 et
183 3289 304 3356 verbum,
322 3291 468 3345 revelavit.

295 3377 319 3449 3)
339 3378 356 3432 S
379 3381 458 3434 add:
478 3379 584 3446 Quibus
609 3381 788 3448 perturbavit
811 3398 866 3436 eos.
903 3381 997 3435 Etiam
1021 3397 1116 3437 versus
1140 3382 1193 3437 271>
1217 3384 1412 3437 commentario
1437 3382 1568 3439 breviore
1595 3386 1631 3439 ad

133 3466 279 3521 historiam
304 3469 502 3537 redemptionis
520 3471 667 3525 humanae¹
685 3471 818 3526 refertur:
845 3472 1027 3540 „Perversus“
1049 3473 1120 3526 enim
1140 3477 1254 3525 satanas
1274 3488 1333 3527 esse
1352 3472 1462 3538 dieitur,
1482 3472 1545 3542 (qui
1568 3491 1631 3542 per·

133 3572 211 3611 verse
230 3557 290 3626 egit
309 3560 483 3626 apparitione
503 3561 629 3615 draconis
650 3561 719 3629 [eum
739 3563 789 3616 suh
809 3562 899 3630 speeie
918 3562 1045 3617 draconis
1058 3563 1213 3630 appareret]
1236 3563 1315 3628 quasi
1335 3563 1370 3615 ad
1390 3562 1461 3617 male
1474 3566 1629 3631 agendum)

133 3645 239 3714 ⁹³„quia
250 3654 283 3701 tu
296 3654 430 3714 populum
441 3650 586 3706 misernm“
601 3651 789 3706 Hebraeorum
809 3652 942 3707 ·familiae
955 3651 1056 3722 Adam)
1079 3651 1226 3720 „redimes“
1242 3650 1272 3722 (a
1284 3657 1371 3706 morte
1385 3658 1414 3707 et
1426 3653 1610 3726 perditione.)

294 3737 316 3808 ⁴)
338 3738 362 3792 G
380 3740 408 3793 in
428 3742 566 3810 margine:
586 3742 631 3795 Ps.
652 3742 751 3796 XXIV.
790 3743 938 3809 Inprimis
957 3742 1083 3796 versibus
1101 3742 1172 3796 nihil
1191 3742 1227 3794 ad
1246 3741 1385 3796 Christum
1404 3741 1533 3798 refertur.

297 3826 320 3898 ⁵)
340 3828 357 3882 S
377 3835 406 3884 et
424 3831 456 3885 B.
475 3831 510 3885 H.
531 3834 635 3897 125,15.
675 3832 809 3900 „Reditus
829 3833 898 3886 suil.
935 3832 1000 3885 Alia
1018 3831 1091 3886 sient
1110 3830 1141 3884 G.

291 3918 314 3987 6)
333 3920 364 3973 B.
384 3921 419 3976 H.
439 3923 535 3987 125,Ξῖ
561 3937 618 3988 sqq.
656 3922 754 3976 Coram
778 3922 892 3976 dneihus
920 3921 1025 3989 populi,
1050 3921 1097 3987 qui
1115 3920 1199 3975 rediit
1223 3936 1236 3974 e
1261 3919 1437 3986 eaptirhate,
1456 3935 1546 3988 neque
1573 3931 1626 3979 ete.

133 4004 206 4059 sieut
225 4005 256 4060 (i,

292 4098 314 4166 7)
332 4099 363 4152 Β.
384 4099 419 4154 Π.
439 4100 544 4155 lebet.
582 4100 604 4154 Ι.
625 4117 647 4154 e.
668 4100 768 4166 quippe
788 4116 858 4166 qnae
872 4100 971 4153 iudea
996 4099 1177 4167 septuaginta
1197 4098 1276 4152 annis
1302 4098 1477 4166 captivitatis
1498 4099 1628 4157 deiectae

134 4186 220 4240 eratis
239 4186 314 4255 (ride
333 4189 445 4255 suprni)
466 4194 494 4243 et
514 4188 548 4241 ab
568 4189 683 4256 antiquo
702 4189 854 4256 prophetae
873 4189 1110 4256 prophetaverant
1130 4189 1162 4242 de
1181 4189 1269 4242 vohis.
