3570 4754
789 307 829 373 41

670 396 987 412 ww

73 521 219 610 seeptro]
257 543 381 607 regum,
411 525 515 607 inquit
543 525 597 607 qui
630 527 796 606 sceptrum
829 542 965 587 aureum
996 527 1053 587 aut
1081 524 1203 607 aliquid
1233 524 1322 590 aliud
1355 526 1388 589 in
1419 527 1573 591 manibus

76 633 147 698 suis
171 637 293 698 tenent.
342 630 526 710 ⁸„Diteaiati
541 631 715 694 iastitr'am“
739 651 825 713 quae
848 632 1020 712 spargetur
1043 630 1075 693 in
1099 630 1200 695 corda
1223 630 1393 695 hominum
1418 639 1464 716 „et
1479 631 1574 697 odiali

75 738 302 820 iniquitatem“,
328 744 361 804 ut
384 738 566 804 eradicares
590 758 663 803 eam
687 761 705 803 e
728 738 882 802 cordibus
906 756 1031 802 eorum.
1065 734 1297 825 ‚‚[I’ropteraa]“
1313 739 1391 821 quia
1406 740 1490 804 haee
1515 760 1572 804 vo-

72 849 186 913 luntas
217 845 282 934 [hie
315 844 456 934 animus]
488 850 558 911 erat
585 846 673 928 aibr)
697 844 814 923 „drmit
841 853 866 906 te
893 843 988 928 Deus,
1021 843 1105 907 Dens
1135 845 1239 929 terrast
1273 845 1396 928 Spiritu
1429 849 1572 932 sanoto²l

71 963 254 1041 „eramento
275 953 430 1018 laetitioe‘*
455 958 492 1020 ut
514 954 695 1019 vivificares
711 956 835 1035 gentes,
860 952 989 1037 „moyia
1015 971 1111 1032 quam
1133 953 1227 1018 sorim
1245 959 1341 1021 tuoa‘t.
1387 954 1454 1037 lpsi
1479 975 1572 1038 reges

73 1066 163 1140 sunt,
188 1062 244 1145 qui
268 1062 387 1145 elegis
414 1060 646 1149 [praecepto]³)
676 1064 843 1143 unguento
866 1059 1074 1124 sacerdotum
1099 1061 1188 1125 uncti
1217 1061 1323 1139 sunt⁴)
1351 1063 1402 1141 (ut
1430 1061 1575 1127 delerent
1646 1085 1670 1135 n
1690 1069 1736 1121 ³⁷·

73 1166 123 1254 [ut
146 1166 287 1252 deleres]
312 1173 448 1251 gentes).
484 1166 685 1254 „tMyrrliw‘
710 1167 753 1232 ad
777 1170 982 1250 unguentum
1000 1170 1094 1232 tuum
1118 1176 1164 1244 „d
1185 1168 1285 1231 carata
1308 1177 1334 1230 el
1356 1172 1468 1233 suctu
1491 1169 1573 1235 odor

75 1275 206 1340 celeber
231 1273 438 1363 [laudandus]
464 1279 497 1340 et
520 1275 664 1360 suavis“,
690 1275 745 1357 qui
774 1274 929 1356 passione
958 1277 1018 1338 tua
1045 1274 1246 1340 diffundetur
1272 1275 1306 1340 in
1338 1280 1448 1341 tolum
1481 1296 1574 1342 mun-

73 1384 166 1451 dum.
224 1383 382 1465 Myrrha
414 1387 511 1449 nota
551 1387 623 1462 est,
656 1381 787 1447 cassin
818 1384 876 1446 est
912 1381 1041 1446 oleunr
1074 1381 1218 1447 siecum
1255 1383 1502 1466 myrobalani
1538 1388 1575 1449 et

72 1494 201 1556 stacte
225 1492 392 1574 styrax.⁵)
439 1491 609 1574 Significat
642 1494 753 1555 autem
785 1488 847 1553 hoe
880 1491 1047 1570 unguento
1075 1488 1155 1554 illud
1183 1491 1274 1573 quod
1304 1491 1414 1555 attulit
1436 1491 1574 1557 Nicode-

72 1597 189 1679 musl).
222 1596 327 1685 [Haec
348 1596 527 1685 unguenta]
552 1597 651 1677 „oleat
674 1596 780 1662 mania
795 1596 965 1659 vestimenta
985 1602 1065 1659 md‘
1089 1597 1109 1662 i.
1132 1617 1160 1660 e.
1186 1615 1304 1679 eorpus
1329 1601 1433 1676 tuum,
1458 1598 1492 1663 in
1508 1618 1574 1682 quo

72 1706 166 1770 velut
190 1706 223 1769 in
246 1710 343 1787 porta
366 1709 486 1771 natura
509 1702 670 1792 [Deitatis]
695 1703 809 1770 divina
832 1701 1027 1768 abscondita
1046 1707 1078 1768 et
1102 1704 1229 1769 occulta
1253 1708 1323 1770 erat
1346 1726 1367 1771 a
1387 1705 1574 1772 videntibus

72 1811 160 1900 [teth
185 1811 237 1891 „A
262 1811 373 1897 lequo
395 1812 591 1899 yn·incipoli“
616 1810 719 1898 [quod
742 1809 802 1898 est]
826 1831 867 1891 ,n
890 1816 957 1873 me‘*
980 1811 1078 1896 Deo⁸)
1102 1809 1342 1891 ,delectaverunt
1365 1816 1421 1891 te“‚
1447 1813 1574 1879 Christe

72 1941 192 1986 omnes
212 1924 336 2004 gentes
361 1941 447 2004 quae
470 1921 645 1986 aedificant
665 1918 788 2001 templa
811 1919 843 1983 in
867 1916 1049 2005 [honorem]
1067 1919 1208 1984 nominis
1228 1920 1285 1987 tui.

241 2027 293 2113 [ln
314 2027 482 2115 margine]
507 2029 571 2093 Pro
596 2024 814 2114 ‚‚priaeipoti“
838 2025 939 2091 habet
969 2026 1139 2091 llebraeus
1164 2025 1346 2105 ‚mineat
1392 2027 1453 2092 llic
1475 2047 1574 2109 pune·

73 2141 147 2201 tum
179 2133 325 2222 [vocatis]
357 2139 522 2205 mutatum
555 2140 588 2201 et
618 2137 699 2201 haee
728 2135 822 2199 litera
849 2133 952 2218 Nunll
985 2135 1178 2200 abbreviata
1206 2140 1264 2203 est.
1312 2136 1423 2200 Staete
1454 2136 1486 2199 in
1518 2155 1574 2200 ore

73 2242 311 2323 Katarensium
345 2239 494 2328 [dialecto
519 2241 571 2331 K]
596 2244 701 2322 Ashat
727 2242 883 2327 (Asniat'‚
914 2243 1020 2307 cassia
1044 2246 1154 2307 autem
1188 2243 1383 2322 medollahta
1416 2241 1573 2330 [vocatur]

240 2351 333 2429 Quae
351 2356 490 2433 surgunt
509 2355 540 2416 el
558 2352 724 2416 celebrant
736 2354 768 2415 le
785 2351 932 2416 moribus
948 2350 1015 2415 suis
1032 2350 1180 2433 gloriosis
1198 2348 1311 2436 (atque
1326 2351 1425 2416 etiarn
1440 2351 1532 2434 pueri
1542 2357 1574 2417 et

73 2458 219 2523 infantes
246 2459 302 2541 qui
318 2458 479 2524 Hosannu
496 2460 685 2524 clamabant
706 2478 781 2523 cunr
796 2458 1010 2541 ingredereris
1027 2457 1232 2538 Jerusalem).
1261 2459 1335 2523 Uno
1350 2459 1436 2523 eninr
1452 2460 1573 2542 templo

74 2566 183 2631 rnnlta
206 2566 329 2648 templa
350 2567 520 2649 signifieat.
546 2565 684 2645 „¹⁰lrl'tia
706 2566 784 2652 regia
809 2566 844 2628 in
865 2563 988 2651 ylariu‘
1011 2569 1043 2630 et
1068 2565 1269 2631 beatitudine
1293 2570 1325 2631 et
1342 2567 1517 2648 splendore
1541 2571 1574 2632 et

73 2675 214 2752 honore,
233 2694 318 2756 quae
331 2677 500 2738 reservata
509 2677 586 2738 sunt
608 2675 741 2752 sanetis,
761 2673 888 2754 ‚amitt
922 2672 1037 2738 Filiam
1056 2673 1141 2756 regis
1160 2677 1270 2738 aulem
1293 2675 1462 2739 eeclesiam
1478 2680 1573 2740 vocat

72 2786 213 2864 propter
230 2781 511 2864 regenerationem
526 2780 616 2868 [eius]
629 2803 646 2845 e
659 2781 867 2866 baptismam)
878 2784 910 2845 et
919 2800 1028 2864 regem
1041 2779 1206 2846 Christum
1218 2778 1347 2868 [vocati.
1360 2780 1425 2868 „Et
1434 2784 1573 2867 reqinou

75 3028 399 3043 --————-—-—

238 3205 261 3271 ¹)
280 3213 311 3264 B.
330 3213 361 3264 B.
384 3213 486 3273 lomb.
525 3207 540 3261 Ι
568 3228 591 3263 e.
611 3213 675 3277 quia
695 3211 813 3264 dilexisti
833 3212 963 3263 iustitiam
983 3215 1010 3263 et
1029 3208 1109 3266 oliati
1128 3212 1311 3277 iniquitatem.

241 3295 263 3365 ¹)
282 3303 313 3354 Β.
331 3301 372 3352 Η.
394 3302 497 3361 maor.
535 3301 638 3367 Splritu
660 3308 753 3353 saneto
773 3318 853 3368 super
872 3298 993 3354 Iordanet

239 3384 262 3453 ³)
281 3391 396 3443 Helius:
417 3392 463 3457 qui
481 3396 601 3456 tempore
620 3390 690 3456 logis
711 3385 779 3454 [eum
799 3391 842 3442 lex
861 3386 986 3456 vigoretl.

240 3474 262 3542 4)
281 3481 312 3531 Β.
333 3479 371 3531 Η.
394 3482 495 3543 lauto.
534 3475 549 3529 Ι
576 3497 599 3530 o.
613 3496 691 3547 reges
710 3489 738 3532 ot
750 3480 903 3533 sacerdotes
922 3488 949 3533 et
967 3480 1123 3547 prophetae,
1143 3482 1240 3549 quibua
1260 3484 1288 3531 ln
1300 3499 1379 3534 earne
1394 3482 1468 3534 fuisti
1489 3483 1570 3535 frater

75 3576 103 3622 ot
122 3572 214 3623 socius
233 3577 261 3622 et
279 3570 377 3636 qulbus
397 3571 484 3620 maior
504 3576 530 3622 et
549 3570 630 3621 altior
649 3570 723 3621 fuisti
745 3570 898 3622 divinitate.

240 3655 261 3722 ᾖ)
279 3660 404 3726 Proprier
424 3659 545 3726 Styraois
564 3660 652 3711 arbor.
689 3655 723 3713 Β.
742 3654 777 3712 Η.
798 3653 1023 3726 153,72ιι)ιιιι
1047 3666 1110 3710 uota
1131 3655 1191 3725 [ost]
1212 3665 1240 3712 ot
1264 3661 1353 3712 cassia
1378 3660 1467 3713 oleum
1487 3678 1572 3727 myro·

75 3750 167 3802 balani
188 3745 302 3812 (saliba)
321 3754 350 3801 ot
367 3755 453 3801 stacte
473 3755 562 3801 storax
581 3752 599 3799 i.
619 3766 641 3801 e.
661 3748 723 3801 mai’
742 3768 766 3802 ι.
805 3750 901 3800 Omnia
920 3753 982 3801 sunt
1001 3755 1130 3801 aromata.

239 3832 264 3903 ⁶)
282 3837 347 3891 ιοι.
369 3841 454 3901 raas.

240 3921 261 3989 ²)
280 3928 312 3979 B.
330 3927 366 3979 Η.
388 3929 448 3979 raa.
485 3923 509 3982 Ι.
528 3945 552 3980 e.
572 3927 691 3980 membra
709 3930 827 3994 eorporis
846 3930 894 3991 toi,
915 3930 942 3978 in
961 3927 1058 3993 qulbus
1076 3927 1183 3979 occultu
1201 3932 1242 3979 ert
1261 3927 1389 3980 diviuitas
1408 3932 1466 3980 tua.

239 4011 261 4078 8)
280 4017 310 4067 Β.
329 4017 365 4068 Η.
386 4020 491 4081 16356.
528 4014 549 4067 1.
570 4036 593 4070 e.
613 4035 627 4069 e
648 4019 709 4069 sinu
728 4020 822 4084 patris.

240 4100 262 4169 9)
281 4103 306 4158 Ι.
324 4125 349 4159 ο.
368 4107 447 4160 hasta
465 4109 533 4160 eius.

240 4189 273 4261 10)
292 4197 323 4249 Β.
342 4199 377 4248 Η.
397 4201 503 4262 :uara
539 4197 560 4247 1.
580 4215 603 4248 e:
622 4196 739 4249 ecelesia
757 4196 866 4248 inferior
885 4195 1019 4248 mediante
1038 4196 1170 4261 baptismo
1191 4197 1219 4246 in
1237 4195 1403 4248 beatitudine
1422 4198 1508 4249 stetit.
