3570 4754
138 443 305 507 coniunxit
327 443 492 507 hominem
517 443 710 525 perlectum,
734 443 873 508 redemit
896 447 928 508 et
952 446 1054 510 erexit
1077 450 1109 510 et
1133 445 1349 511 sanctificavit
1379 446 1499 510 virtute
1523 445 1631 529 Spiri-

138 554 192 616 tus
218 548 345 638 [sancti]
371 555 402 614 et
426 551 536 615 docuit
560 551 671 615 omnia
695 552 824 616 occulta
848 549 1025 639 [mysteria]
1051 558 1083 618 et
1106 554 1239 618 nomine
1255 553 1411 618 trinitatis
1428 553 1629 635 obsignavit,

137 678 210 723 cum
236 659 481 740 dispensatione
505 679 566 723 sua
589 679 704 723 omnes
727 660 854 724 ratione
877 660 1045 741 praeditos
1068 661 1252 747 redimeret,
1277 657 1363 750 [ipsi]
1380 661 1453 725 laus
1471 663 1504 724 et
1520 659 1631 725 bonor

138 770 171 831 et
196 766 357 831 confessio
382 769 414 830 ct
438 766 592 831 exaltatio
617 770 649 831 et
672 767 822 832 adoratio
846 767 880 832 in
903 766 1036 833 saecula
1059 768 1276 833 saeculorum.
1322 768 1438 834 Amen.

852 930 905 991 IV.

296 1053 447 1120 Succedit
460 1051 636 1141 [quastio[:
662 1054 755 1133 Quae
780 1058 830 1119 est
854 1073 965 1140 causa,
992 1055 1082 1137 quod
1105 1055 1221 1119 beatus
1244 1054 1349 1120 David
1365 1055 1457 1119 illum
1467 1074 1630 1136 magnum
1681 1091 1690 1139 p

136 1162 321 1243 psalmum:
369 1161 488 1236 „Beati
522 1160 602 1227 dli.
628 1211 635 1225 .
660 1161 689 1227 .“
735 1162 903 1227 literarum
941 1163 1057 1245 Aleph‚
1095 1163 1179 1228 Beth
1217 1166 1250 1227 et
1288 1166 1472 1228 ceterarum
1512 1163 1629 1228 ordine
1680 1182 1690 1231 Ι

137 1269 324 1350 composuit
348 1273 380 1333 et
403 1269 548 1352 singulas
572 1270 683 1334 literas
707 1271 833 1335 octonis
857 1271 1006 1336 versibus
1031 1268 1260 1358 [praeposuit]
1309 1271 1362 1335 Sic
1386 1272 1473 1335 enim
1497 1271 1531 1335 in
1560 1271 1629 1336 He-

136 1378 248 1441 braico
274 1376 466 1461 [leguntur[.
512 1376 769 1462 (Responsum):
793 1379 913 1442 Decem
937 1378 1078 1467 (θυίων)
1101 1379 1202 1443 literis
1219 1378 1382 1462 significat
1395 1379 1629 1460 purgationem

137 1505 222 1568 quae
247 1483 345 1570 [vita]
370 1485 625 1566 contemplativa
650 1484 728 1570 [fit],
754 1486 867 1550 decem
892 1506 1050 1553 sensuum
1073 1487 1130 1571 qui
1153 1491 1230 1552 sunt
1253 1486 1400 1567 corporis
1424 1488 1456 1550 et
1483 1484 1627 1561 animae,

137 1593 248 1657 decem
274 1595 384 1656 autem
417 1592 488 1656 aliis
519 1593 747 1674 purgationem
780 1581 960 1658 eorundem
993 1614 1078 1678 quae
1108 1595 1176 1659 vita
1209 1593 1379 1677 operativa
1412 1593 1458 1670 fit,
1495 1592 1628 1656 duabus

137 1702 247 1765 autem
272 1700 343 1763 aliis
369 1701 604 1782 perfectionem
627 1719 746 1782 puram
770 1706 802 1765 et
825 1701 1012 1766 absolutam
1035 1702 1181 1784 corporis
1205 1705 1238 1767 et
1261 1702 1391 1766 animae
1415 1700 1488 1782 pari
1514 1699 1627 1764 mod0.

137 1806 340 1889 Compositio
375 1810 484 1871 autem
518 1807 687 1872 literarum
712 1827 785 1873 cum
810 1809 937 1872 octonis
960 1809 1109 1874 versibus
1134 1809 1295 1891 significat
1324 1808 1518 1873 divisionem
1551 1813 1628 1872 octo

137 1915 265 1979 dierum
291 1915 354 2000 [et]
380 1920 453 1980 octo
479 1916 702 2003 [passionum]
728 1918 829 1981 animi
853 1921 1024 1982 motuum:
1049 1916 1247 1998 cupiditatis
1280 1916 1375 1998 gulae
1410 1915 1629 2000 [magnitudi-

136 2022 187 2086 nis
210 2021 354 2109 ventris[‚
378 2025 612 2101 fornicationis,
636 2027 795 2107 pecuniae
830 2027 951 2090 amoris
983 2023 1178 2113 [avaritiae[‚
1203 2026 1326 2101 aestus,
1360 2023 1437 2105 irae,
1472 2021 1627 2101 invidiae,

137 2128 257 2193 doloris
282 2131 406 2195 eteius
430 2152 515 2214 quae
539 2133 643 2214 magis
668 2183 676 2199 .
700 2183 708 2201 .
732 2181 740 2198 .
766 2134 934 2215 Significat
966 2134 1130 2216 propheta
1160 2133 1199 2196 iis
1231 2151 1316 2215 quae
1339 2131 1446 2213 primo
1471 2127 1629 2198 dieheb-
1665 2120 1667 2125 ¹

137 2238 309 2303 domadae.
356 2240 396 2304 Et
418 2240 470 2304 hie
494 2240 613 2305 desunt
636 2241 736 2305 verba
759 2241 792 2304 in
816 2241 936 2305 codice.

863 2405 898 2466 V.

295 2530 396 2593 Porro
445 2530 478 2593 in
526 2529 645 2593 virtute
693 2533 760 2605 tua,
800 2551 819 2594 o
855 2530 942 2593 Deus
977 2531 1089 2593 noster
1123 2525 1311 2594 adorandel
1357 2525 1530 2589 scribimus
1577 2523 1629 2586 in·
1681 2557 1690 2607 l

135 2635 376 2701 troductionem
399 2637 604 2720 psalmorum
627 2639 715 2702 beati
740 2637 844 2702 David
868 2657 953 2720 quae
977 2636 1161 2718 composita
1190 2639 1240 2700 est
1275 2654 1296 2699 a
1327 2631 1468 2698 Domino
1500 2629 1629 2693 Natha-

135 2743 209 2807 nael
248 2744 401 2826 episcopo
439 2728 649 2823 dirazorensi,
686 2765 734 2829 eo,
777 2745 833 2828 qui
866 2745 992 2809 occisus
1025 2748 1075 2809 est
1108 2747 1232 2827 martyr
1264 2739 1453 2828 [gloriosam
1485 2740 1628 2801 mortem

133 2848 265 2938 passus]
289 2872 348 2933 pro
372 2851 502 2917 Christo
539 2873 613 2917 cum
655 2853 830 2918 duodecim
861 2853 932 2917 aliis
966 2853 1128 2935 episcopis
1163 2855 1311 2931 tempore
1344 2847 1500 2912 Ghosrois
1537 2846 1625 2927 regis

135 2959 310 3025 Persarum
333 2960 387 3024 filii
413 2961 613 3026 Hormizdad
1184 2965 1185 2969 ’

690 3139 1064 3214 IN'PRODUOTIO.

295 3318 457 3382 Omnibus
492 3319 664 3401 prophetis
700 3319 881 3401 ceterisque
923 3318 1015 3381 libris
1049 3317 1151 3383 sacris
1185 3312 1319 3397 singulis
1354 3312 1541 3394 quibusque
1576 3314 1628 3374 est

136 3424 267 3508 aliquid.
314 3426 435 3509 (Atque
460 3413 566 3490 etiam'
582 3426 635 3490 hic
659 3426 776 3490 excidit
800 3425 1064 3510 aliquantulum.)
1111 3424 1203 3488 Alius
1228 3426 1335 3486 autem
1367 3421 1462 3484 docet
1495 3419 1628 3484 suadet·

135 3553 199 3617 que
223 3535 312 3598 bona
336 3554 437 3617 opera
461 3536 544 3599 sicut
567 3535 742 3616 proverbia
775 3534 962 3598 Salomonis
1001 3537 1033 3598 et
1064 3532 1205 3612 Kohelet
1239 3534 1271 3594 et
1303 3528 1476 3594 Siracidcs
1532 3526 1627 3592 Alius

136 3646 247 3707 autem
271 3642 309 3706 de
334 3643 537 3728 confessione
561 3646 738 3725 praecepta
761 3643 819 3706 dat
835 3641 1023 3705 hominibus
1041 3640 1171 3719 elalius
1188 3636 1372 3703 doctrinam
1387 3637 1428 3701 de
1444 3636 1627 3718 gratiarum

135 3751 264 3818 actione
287 3751 396 3837 tradit,
420 3751 510 3814 velut
532 3749 715 3831 prophetae
741 3752 773 3813 et
797 3749 895 3813 ceteri
918 3749 992 3813 libri
1016 3748 1072 3830 qui
1096 3747 1244 3811 omnium
1268 3741 1513 3832 [doctrinarum]
1532 3744 1622 3827 pleni

136 3863 222 3940 sunt,
247 3860 346 3924 etiam
371 3860 398 3922 si
423 3878 523 3923 unum
548 3858 677 3922 aliudve
701 3857 908 3938 singulariter
931 3855 1005 3939 plus
1028 3855 1062 3918 in
1086 3854 1131 3918 eis
1166 3853 1338 3918 invenitur.
1393 3844 1490 3918 Liber
1513 3855 1626 3918 autem

296 4127 317 4198 ¹)
340 4135 372 4186 u.
391 4149 416 4185 v.
437 4135 565 4198 superest.
