3570 4754
976 245 1006 310 4.

245 485 325 532 esse.
371 466 410 530 ln
433 463 558 545 aliquot
579 460 664 525 foliis
687 460 720 524 in
744 459 863 541 angulo
886 459 1001 524 dextro
1025 458 1189 542 superiore
1212 458 1373 540 impressa
1389 468 1439 524 est
1455 455 1540 543 (sine
1557 460 1664 525 colore
1681 461 1733 525 vel

245 569 443 655 atramento)
455 570 562 652 figura
577 567 702 632 formae
717 567 784 632 fere
800 565 992 653 quadratae,
1012 584 1098 649 quae
1118 565 1252 630 exhibet
1269 565 1408 630 verbum
1426 567 1512 632 Beth
1529 572 1561 632 et
1576 588 1734 635 coronam

244 678 485 767 superpositam
548 676 584 739 ln
617 674 722 739 ultimi
755 673 821 739 lolii
855 673 976 755 angulo
1011 671 1163 737 inferiore
1199 672 1313 736 dextro
1349 673 1512 756 impressa
1544 680 1593 740 est
1625 676 1733 759 figura

244 787 369 871 aliquot
392 785 498 849 verbis
523 782 671 847 Arabicis
694 782 763 845 sive
780 780 924 846 Persicis
948 780 1016 844 sive
1031 779 1146 844 Turcis
1161 778 1304 867 impleta,
1322 801 1408 864 qaue
1425 802 1500 847 cum
1516 803 1593 866 pars
1610 785 1734 867 figurae

243 913 307 959 usu
331 893 469 975 abrepta
492 889 663 972 sitlegere
687 907 826 972 nequeo.
872 886 1029 952 Eiusdem
1048 885 1175 969 figurae
1198 908 1276 970 pras
1307 889 1373 954 fere
1406 889 1541 955 dimidia
1573 892 1733 980 impressa

36 1017 42 1044 ⁸
245 1004 295 1066 est
317 1000 351 1066 in
374 997 502 1082 paginis
529 990 712 1064 16941811Ι
727 996 760 1060 iu
784 994 905 1078 angulo
928 992 1079 1059 inferiore
1103 999 1239 1060 externo
1294 995 1394 1061 Cuius
1418 997 1520 1061 verba
1535 998 1613 1062 item
1628 999 1735 1082 legere

240 1106 311 1173 ¹non
333 1127 480 1190 possum.
510 1142 546 1152 -
571 1103 733 1168 Numeros
758 1101 893 1184 singulis
917 1096 1047 1183 paginis
1071 1102 1297 1185 suprascripsi,
1322 1102 1401 1168 item
1424 1105 1457 1169 in
1479 1105 1589 1171 multis
1605 1108 1735 1190 paginis

244 1233 400 1280 numeros
435 1215 570 1296 quintae
599 1211 729 1294 cuique.
746 1209 852 1274 lineae
883 1206 1005 1272 addidi.
1040 1206 1220 1274 'Numeros
1255 1212 1366 1275 nutem
1404 1212 1618 1294 psalmorum,
1642 1215 1735 1282 initis

160 1320 164 1327 ’
243 1323 387 1406 partium
409 1319 659 1387 introductionis
683 1321 716 1383 et
738 1315 1029 1407 ¹verbaquaedam
1052 1318 1212 1383 memoria
1244 1319 1345 1400 digna
1376 1319 1466 1387 linea
1495 1322 1645 1387 caerulea
1679 1343 1735 1388 su-

243 1420 403 1520 perducta
426 1427 615 1510 significavi.
664 1426 755 1491 Haec
779 1425 950 1489 deforma
973 1424 1131 1489 exteriore
1155 1427 1337 1515 apographi
1360 1428 1432 1494 mei.

404 1553 499 1632 Quod
524 1549 590 1635 quo
613 1555 763 1633 tenpore
786 1554 818 1614 ct
840 1550 912 1619 loco
935 1549 1021 1633 scrip
1023 1553 1093 1613 tum
1126 1550 1177 1629 sit,
1211 1555 1350 1633 apparet
1380 1572 1397 1616 e
1431 1556 1512 1617 nota
1542 1556 1708 1619 scribac
1700 1576 1734 1620 ιιι

168 1642 191 1655 ”
242 1661 308 1727 fine
331 1661 443 1725 addita
467 1660 592 1744 (videt
592 1662 656 1724 ext
681 1657 751 1741 Syr.
784 1678 817 1740 p
854 1656 941 1741 642)
988 1652 1165 1750 („Dxplicit
1198 1657 1291 1723 cum
1287 1658 1428 1759 auxilio
1463 1661 1593 1726 Domini
1628 1664 1733 1728 nostri

82 1772 85 1779 '
144 1812 174 1861 ¹.
233 1748 344 1851 s'cript
344 1759 375 1833 io
330 1767 476 1833 tlibri
502 1767 599 1833 huius
628 1765 852 1831 elucidationis
883 1764 1089 1867 psalmorum
1119 1758 1208 1830 beati
1231 1766 1337 1832 David
1359 1754 1435 1833 cum
1458 1769 1591 1834 canticis
1615 1768 1732 1835 beato-

156 1950 159 1959 !
242 1894 335 1941 rum
347 1875 516 1940 Mosist
484 1878 516 1939 et
544 1874 657 1938 isaiae
712 1873 752 1938 Et
770 1832 925 1940 Domino
959 1870 1001 1937 sit
1032 1866 1149 1955 gloria
1169 1872 1323 1961 continua
1356 1870 1547 1962 [perpetua]
1603 1875 1734 1962 Amen.)

243 1981 408 2077 (Inceptus
441 1984 491 2047 est
522 1979 620 2064 igitur
654 1966 764 2068 [anno]
801 1979 886 2049 1884
916 1982 949 2044 et
971 1980 1014 2044 ad
1037 1979 1137 2045 finem
1170 1958 1290 2045 deduct
1276 1983 1331 2045 tus
1364 1984 1414 2047 est
1443 1981 1499 2048 hic
1529 1982 1610 2049 liber
1640 1984 1735 2050 eluci·

86 2109 90 2117 ’
142 2162 146 2170 ‚
173 2068 177 2077 ’
223 2089 386 2184 ιιιιιιίοιιίι
424 2088 630 2172 psalmorum
667 2082 773 2153 Dav'id
812 2107 924 2153 mense
961 2085 1135 2152 benedicto
1165 2087 1276 2152 Nisan
1309 2084 1448 2177 [=Aprlli]
1484 2087 1559 2179 [die]
1594 2093 1733 2174 septimo

243 2199 295 2264 die
317 2197 431 2263 Martis
447 2197 598 2262 secundo
621 2201 698 2281 post
720 2177 849 2297 Pascha
871 2195 950 2262 anni
984 2196 1066 2263 1891
1100 2193 1217 2260 nativit
1219 2195 1280 2260 atis
1312 2196 1444 2262 Domini
1477 2199 1582 2264 nostri
1614 2198 1734 2264 Christi

16 2300 23 2324 “·
75 2305 84 2328 ’
163 2304 174 2351 Γ
233 2290 277 2400 ¹et
312 2305 416 2389 gloria
444 2305 486 2370 sit
518 2305 548 2370 ei
580 2305 637 2388 qui
666 2305 753 2385 facit,
785 2290 822 2368 ut
844 2305 1059 2371 transeantt
1060 2321 1196 2385 empora
1228 2305 1262 2367 et
1291 2304 1464 2369 momenta
1490 2323 1597 2388 neque
1633 2303 1734 2394 [vero]

242 2413 312 2495 ipsc
349 2412 468 2477 transit
506 2411 539 2478 in
578 2411 711 2508 saecula
732 2411 963 2477 ¹saeculorum.
1024 2407 1153 2496 Amen.)
1190 2409 1339 2503 Scriptus
1371 2414 1426 2477 est
1452 2413 1567 2479 dicbus
1600 2417 1734 2497 patrum

131 2512 139 2550 ³
242 2520 498 2601 clarissimorum
526 2518 657 2584 Domini
691 2519 809 2584 Leonis
841 2518 1004 2602 pontificis
1036 2515 1179 2583 Romani
1213 2522 1245 2583 ct
1278 2519 1367 2586 Eliae
1401 2519 1557 2586 Catholici
1591 2522 1734 2587 Patriac-

243 2628 335 2692 chae
357 2626 558 2710 Babyloniae
588 2627 607 2691 i.
643 2647 682 2692 e.r
707 2627 849 2692 orientis.
903 2625 1124 2691 Permaneant
1162 2628 1194 2691 et
1231 2626 1364 2701 vincant
1402 2629 1555 2694 omnibus
1591 2630 1733 2695 victoriis

37 2730 55 2757 '·
85 2736 97 2756 ³
174 2712 184 2773 ¹·
244 2735 287 2827 acl
318 2734 456 2818 gloriam
473 2762 475 2767 ·
495 2734 657 2800 Ecclesiae
699 2737 843 2798 sanctae.
899 2732 1028 2818 Amen.)
1069 2769 1110 2785 -
1143 2731 1291 2816 Scriptus
1325 2737 1373 2799 cst
1406 2746 1519 2801 autem
1551 2737 1584 2802 in
1617 2757 1734 2801 mona-

242 2843 342 2908 sterio
387 2841 560 2907 b'enedicto
604 2843 765 2908 Dominae
807 2861 901 2906 meac
948 2841 1082 2921 Mariae,
1104 2838 1215 2906 'cuius
1260 2841 1354 2906 sedes
1402 2843 1554 2945 ordinata
1598 2848 1648 2908 est
1691 2845 1734 2908 ad

244 2950 403 3016 Reb‘aina
427 2949 516 3032 quod
540 2949 657 3015 dicitur
679 2949 902 3026 Buklaeorum
925 2948 1035 3033 prope¹
1060 2948 1169 3026 Alkun
1202 2948 1236 3041 i.⁴
1256 2948 1284 3013 e.'
1323 2948 1427 3026 Alkus
1459 2951 1570 3015 villam
1601 2950 1732 3031 Nahum

241 3057 421 3140 prophelae
455 3058 488 3122 et
511 3057 632 3121 sororis
663 3058 734 3121 eius
767 3056 869 3122 Sarae
933 3056 1046 3122 Oratio
1078 3075 1193 3121 corum
1217 3053 1388 3144 [prosit']
1380 3057 1424 3121 ris
1452 3058 1508 3140 qui
1540 3058 1710 3123 credunt
1702 3080 1736 3123 ιιι

136 3231 138 3237 ,
241 3163 350 3231 Christ
336 3168 463 3229 ttume
486 3165 605 3229 misero
610 3166 661 3229 ct
684 3166 848 3246 peccatori
873 3169 905 3231 et
929 3184 1023 3229 servo
1047 3163 1181 3246 indigno
1214 3161 1321 3256 Isaiae
1354 3162 1421 3227 filio
1452 3163 1541 3227 beati
1565 3163 1653 3229 Petri
1676 3165 1736 3230 filii

241 3270 331 3337 beati
355 3262 477 3336 Abel
463 3271 518 3354 qui
542 3276 632 3347 ortus
656 3276 706 3336 est
729 3273 868 3338 edomo
891 3259 1050 3361 [familia]
1061 3259 1122 3336 Mir
1141 3268 1348 3334 Khezemt
1316 3273 1348 3334 et
1378 3268 1440 3334 Mir
1472 3252 1572 3336 Saraf
1601 3291 1619 3335 e
1657 3273 1735 3338 villa

136 3460 141 3472 Ι
242 3377 352 3464 Amr)
376 3386 462 3462 quae
486 3379 567 3443 est
559 3398 593 3443 ιιι
616 3378 748 3462 regione
772 3381 919 3463 Margae,
943 3398 1045 3462 quam
1067 3397 1156 3444 nunc
1170 3380 1291 3444 vocant
1307 3377 1420 3444 Zebar.
1425 3376 1466 3462 2’)
1497 3376 1682 3444 Genust
1625 3384 1682 3445 aut
1684 3400 1734 3444 em

403 3697 469 3766 ¹)G
497 3703 649 3755 Hoffmann
668 3705 793 3769 Auszuge
813 3720 862 3755 aus
882 3703 933 3755 den
952 3703 1041 3754 Aktsn
1061 3702 1197 3770 syriscber
1215 3704 1355 3771 Martyron
1393 3705 1506 3784 Leipzig
1535 3709 1602 3757 1880
1629 3709 1657 3756 iu
1682 3706 1735 3755 Ab·

242 3783 424 3870 buntllungen
443 3794 490 3843 siir
505 3794 548 3845 di'c
568 3785 668 3872 Kand'e
686 3794 734 3844 des
753 3793 986 3875 Morgenlaudcs‚
980 3793 1037 3843 Βι]
1057 3793 1189 3860 vllap.
1208 3792 1548 3847 authenticarum
1568 3794 1736 3862 episcopales

246 3882 440 3970 epatriarchu
459 3857 668 3934 Οιιιιᾱιεοιὶιιιι
676 3878 809 3933 simeone
820 3884 905 3932 abno
912 3874 992 3932 teta
998 3863 1181 3933 enumeratas:
1203 3883 1243 3933 ta.
1262 3882 1445 3934 Arne-Arna
1433 3899 1466 3933 ἰιι
1485 3884 1568 3935 Urmi.
1612 3883 1689 3944 Quod
1714 3887 1736 3934 si

248 3953 351 4021 rectum
371 3978 484 4022 estnon
503 3962 592 4038 potes't
607 3977 673 4023 estc
689 3971 765 4022 villa
775 3972 848 4023 Arni
860 3969 965 4034 cadom,
985 3972 1050 4058 quia
1059 3970 1097 4022 in
1115 3970 1233 4022 dioecesi
1252 3969 1390 4036 Margenri
1409 3973 1463 4023 sita
1481 3989 1540 4024 esso
1560 3971 1665 4022 (licitur

405 4044 1490 4126 ²)RectiusZebarisivc'zibsri,uon'1engentisKurdicae,deindenomen
1515 4061 1633 4126 regionis
1659 4077 1738 4126 quam

249 4147 412 4212 inhabitant,
427 4151 504 4200 cuius
518 4150 613 4201 saltem
625 4167 687 4215 pars
697 4150 803 4201 videtur
816 4167 875 4201 csse
889 4146 1014 4214 antiquae
1028 4144 1161 4201 dioecesis
1174 4148 1339 4216 Margens',
1312 4167 1339 4201 s·
1357 4149 1405 4202 cfr.
1417 4148 1591 4200 Hcfl‘muunl.
1602 4164 1625 4198 c.
1618 4166 1662 4215 ..p
1678 4152 1730 4198 224
