3570 4754
715 335 1032 439 muitum

123 552 328 634 psalmorum
353 569 467 614 omnes
492 550 563 613 illas
590 545 781 634 [doctrinas]
806 548 913 625 utiles,
939 569 1013 613 cum
1039 550 1070 613 in
1103 548 1157 613 illo
1190 549 1376 615 cumulatae
1410 548 1485 626 sint,
1520 547 1617 613 simul

123 659 276 737 ostendit,
301 659 389 722 velut
421 658 454 720 in
485 657 627 738 imagine
664 656 757 737 regis.
815 656 911 719 Velut
947 654 1061 743 [enim]
1098 657 1180 720 haec
1214 656 1423 722 multitudine
1459 654 1615 732 colorum,

123 768 244 849 quibus
270 765 421 847 splendet
445 764 619 828 ahundans
653 760 757 849 [facile
781 763 916 845 agnosci
940 761 1073 850 potestl,
1107 763 1153 826 sie
1178 762 1277 827 etiam
1300 764 1383 827 liber
1406 762 1611 844 psalmorum

124 874 219 956 eopia
252 872 381 937 utilium
414 872 638 936 doctrinarum
670 890 807 934 suarum
837 870 1030 952 perspicuus
1055 873 1107 934 est
1141 870 1308 948 studiosis,
1341 890 1416 934 eum
1449 869 1544 934 facile
1577 891 1617 933 ex

124 1002 163 1046 eo
188 1001 303 1045 omnes
328 979 495 1044 doetrinae
519 979 614 1043 utiles
638 978 907 1063 resplendeant.¹)
955 977 1041 1041 Nam
1065 977 1228 1040 derebus
1253 977 1369 1041 creatis
1395 973 1547 1041 docetet
1576 976 1617 1040 de
1689 1031 1695 1046 .
1752 1033 1757 1044 .

123 1090 331 1154 moderatore
355 1088 527 1151 certiorem
550 1087 629 1150 tacit
652 1087 709 1168 qui
739 1086 868 1149 illarum
902 1105 1012 1149 rerum
1046 1104 1158 1149 curam
1190 1085 1291 1149 habet
1323 1082 1406 1170 (PF),
1440 1104 1514 1148 cum
1548 1103 1616 1148 non

122 1196 285 1277 relinquat
308 1194 418 1257 locum
442 1193 480 1256 iis
504 1193 559 1275 qui
583 1192 744 1257 mundum
768 1193 869 1257 istum
894 1193 988 1257 aiunt
1011 1195 1134 1256 temere
1158 1196 1190 1256 et
1215 1213 1292 1256 ase
1316 1193 1388 1274 ipso
1413 1195 1522 1255 ortum
1543 1211 1616 1256 esse

122 1308 155 1367 et
178 1304 247 1367 sine
271 1300 370 1365 frenis
394 1300 614 1364 moderatoris
639 1319 768 1364 currere
793 1304 825 1364 et
849 1299 945 1364 docet
975 1320 1060 1382 quae
1083 1299 1191 1364 facere
1215 1303 1247 1363 et
1272 1319 1292 1362 a
1315 1299 1435 1380 quibus
1453 1299 1616 1364 abstinere

123 1412 237 1475 deceat.
261 1413 293 1474 et
317 1411 449 1473 enarrat
472 1408 512 1471 de
545 1408 695 1472 mercede
732 1407 913 1471 sollertium
949 1412 981 1471 et
1019 1409 1059 1472 de
1093 1427 1203 1489 poena
1236 1407 1469 1472 sceleratorum
1507 1411 1538 1473 et
1575 1408 1615 1472 de

123 1538 235 1582 amore
259 1521 291 1581 et
314 1516 490 1580 eoncordia
517 1516 627 1579 multis
656 1516 764 1579 verbis
794 1516 927 1597 exponit
960 1519 992 1579 et
1028 1516 1266 1579 contessionem
1301 1515 1447 1579 confiteri
1483 1513 1614 1602 [tacere]

123 1630 312 1709 peccatores
338 1625 452 1688 decere
476 1625 571 1688 docet
596 1627 628 1688 et
651 1624 722 1688 illos
746 1642 855 1704 porro,
881 1623 936 1705 qui
960 1623 1050 1686 bona
1074 1643 1094 1686 a
1118 1622 1186 1686 Deo
1201 1626 1399 1704 aeceperunt
1411 1622 1453 1686 ad
1469 1620 1615 1709 [laudem

124 1731 167 1818 et]
193 1732 432 1798 contessionem
456 1732 576 1795 excitat
600 1735 632 1794 et
656 1733 692 1794 ut
715 1731 748 1794 in
775 1730 1011 1819 tentationibus
1035 1730 1068 1793 in
1091 1729 1160 1792 Deo
1185 1729 1227 1793 sit
1250 1729 1370 1794 fiducia
1390 1734 1506 1794 nostra
1519 1730 1615 1794 docet

123 1845 156 1905 et
179 1845 215 1904 ut
238 1843 387 1920 tempore
411 1838 638 1920 angustiarum
663 1837 786 1901 fortiter
810 1857 867 1901 eos
892 1838 1124 1914 sustineamus
1150 1838 1205 1918 qui
1229 1837 1318 1902 mala
1340 1838 1437 1901 nobis
1471 1838 1614 1901 inferunt

122 1948 249 2023 suadet,
274 1947 419 2010 declarat
443 1955 552 2009 autem
578 1944 685 2029 nobis,
711 1963 793 2026 quas
810 1945 987 2026 petitiones
1012 1949 1165 2026 petamus
1185 1944 1300 2023 aDeo,
1318 1965 1392 2009 eum
1411 1945 1526 2009 ceteris
1543 1944 1613 2009 aliis

121 2054 287 2132 doctrinis,
312 2074 395 2135 quas
419 2073 477 2134 per
501 2053 650 2116 ordinem
675 2071 838 2133 exponere
861 2052 957 2116 valde
980 2053 1156 2119 molestum
1181 2057 1240 2117 est.
1281 2053 1349 2117 Ista
1374 2056 1485 2117 autem
1502 2053 1614 2116 omnia

121 2163 203 2225 liber
227 2162 430 2243 psalmorum
454 2162 515 2224 illis
552 2161 699 2244 praebet,
736 2160 792 2242 qui
827 2180 866 2225 eo
901 2164 937 2224 ut
971 2160 1176 2224 instruantur
1211 2162 1378 2241 exoptant.
1437 2158 1500 2224 Isti
1533 2159 1614 2223 enirn

120 2291 221 2333 versos
244 2292 312 2331 eam
335 2270 507 2333 recitentur
529 2267 567 2334 ab
594 2266 770 2332 hominibus
796 2268 863 2353 piis
895 2267 983 2332 mode
1017 2267 1132 2331 musico
1165 2266 1206 2330 cis
1237 2266 1425 2332 coemeterii
1455 2265 1614 2331 decolores

115 2375 294 2462 propellunt
317 2384 345 2440 ct
367 2374 486 2461 ereptos
508 2375 551 2438 cd
584 2397 628 2438 eos
662 2378 797 2438 irrvrtont
829 2384 854 2438 et
887 2375 963 2459 quid
996 2374 1063 2440 dieo
1096 2374 1236 2461 angelos?
1270 2375 1373 2459 ipsum
1405 2373 1614 2460 redemptorem

119 2493 256 2547 riostrurn
283 2480 437 2546 Clzristrun
461 2482 503 2546 ad
525 2482 683 2546 auriliana
705 2505 805 2546 earnem
828 2482 986 2546 adducunt
1008 2490 1034 2547 et
1055 2483 1160 2569 pretia
1184 2480 1327 2568 Spiritus
1359 2483 1495 2564 (sandi)
1521 2480 1614 2568 diprri
1698 2492 1700 2496 ’

118 2590 233 2671 street).
278 2588 357 2662 Quis
381 2582 462 2652 enim
484 2598 524 2651 est
546 2590 600 2673 qui
623 2589 738 2672 nesciat
760 2591 857 2654 eiiam
882 2591 1008 2676 piorum
1038 2589 1198 2654 trerminum
1230 2589 1363 2672 illorum,
1395 2590 1449 2675 qui
1478 2611 1547 2652 corr
1576 2590 1613 2653 irc

118 2707 201 2761 terro
224 2698 337 2778 vivant,
360 2697 480 2783 adpetes
503 2697 700 2781 imitentur-³),
723 2717 864 2780 quorum
888 2699 1063 2763 eoncordia
1086 2703 1118 2763 et
1141 2700 1306 2764 orationes
1338 2697 1612 2780 contemplativae

121 2826 137 2868 e
161 2805 373 2869 meditatione
389 2806 594 2886 psalmorum
616 2806 771 2870 oriantur.
811 2806 896 2870 Nam
920 2808 947 2870 si
967 2808 1084 2889 plagae
1108 2810 1140 2871 et
1163 2808 1362 2872 tentationes
1381 2808 1427 2872 eis
1446 2807 1610 2886 accidunt,

119 2933 137 2975 e
161 2911 297 2992 psalmis
315 2913 536 2975 constantiam
552 2911 692 2990 discunt,
717 2915 744 2976 st
761 2918 873 2978 autem
889 2914 1009 2979 auxilio
1026 2915 1137 2979 divino
1150 2915 1266 2997 dignos
1283 2935 1319 2980 se
1335 2919 1515 2999 praestant,
1532 2914 1609 2979 hinc

118 3019 249 3082 discunt
272 3039 307 3082 se
332 3019 472 3100 gratiam
496 3024 687 3101 accepturos
712 3041 792 3088 esse.
840 3022 874 3085 Si
899 3026 1010 3087 autern
1034 3023 1129 3087 dolor
1152 3027 1211 3087 aut
1240 3024 1369 3088 vexatio
1403 3022 1522 3088 accidit
1553 3022 1610 3086 uni

118 3147 158 3191 ex
182 3127 237 3204 eis,
262 3126 337 3190 hine
361 3126 557 3190 medicinam
582 3132 614 3192 et
630 3129 777 3194 solamen
794 3130 823 3193 ei
840 3131 1021 3211 imponunt.
1057 3127 1146 3216 [Sed]
1164 3130 1242 3213 quia
1258 3131 1370 3194 omnia
1385 3129 1449 3195 ista
1464 3129 1610 3195 remedia

117 3235 328 3299 inveniuntur
352 3234 385 3297 in
408 3234 491 3298 libro
515 3236 718 3316 psalmorum
743 3237 836 3302 decet
858 3257 929 3314 noe,
954 3239 1077 3327 fideles,
1103 3261 1177 3304 eum
1194 3238 1385 3303 recitatione
1405 3237 1609 3320 psalmorum

117 3343 216 3406 etiam
246 3342 494 3424 intelligentiam
525 3344 702 3409 verborum
736 3364 850 3409 eorum
883 3347 1061 3428 acquirere,
1095 3369 1136 3412 ne
1169 3353 1318 3429 tempore
1351 3345 1448 3410 officii
1484 3343 1607 3433 [divini]

117 3454 244 3515 mentes
268 3454 403 3515 nostrae
428 3451 628 3532 dissipentur
650 3453 693 3517 ad
718 3472 822 3518 vanas
847 3454 1073 3540 cogitationes,
1099 3457 1157 3520 sed
1182 3454 1311 3520 animus
1335 3452 1485 3535 capiatur
1521 3451 1609 3538 [mo-

115 3554 253 3645 veaturl,
279 3558 359 3622 dum
382 3562 455 3623 orat
479 3560 521 3624 ad
544 3561 659 3639 Deum,
694 3561 854 3643 imprimis
899 3563 1132 3629 consolatione.
1168 3581 1254 3646 quae
1285 3562 1404 3627 virtute
1439 3560 1608 3627 doetrinae

275 3879 297 3948 ¹)
316 3886 429 3937 Melius:
449 3884 538 3936 taeilis
559 3882 734 3952 [perspicuus]
755 3892 796 3940 est
815 3887 943 3940 studiosis
965 3884 1136 3952 [videntibus]
1157 3889 1238 3941 facile
1258 3905 1341 3940 exeo
1360 3889 1602 3940 omnesdoctrinas

115 3976 197 4027 utiles
216 3974 393 4042 resplendere.

276 4058 299 4129 9)
317 4062 448 4126 rudbattel
467 4081 528 4116 eum
540 4064 574 4116 be
588 4061 731 4130 „eurans“:
753 4068 838 4128 Quam
852 4069 987 4119 notionem
1001 4068 1044 4118 hie
1059 4083 1164 4134 quoque
1178 4069 1288 4120 subesse
1302 4074 1375 4134 puto,
1388 4083 1457 4132 cum,
1468 4066 1605 4133 „perdere,

116 4148 225 4207 delard‘
243 4156 354 4208 minime
373 4155 494 4222 quadret.

276 4236 299 4307 8)
319 4243 373 4296 en.
391 4261 417 4312 p.
439 4237 504 4309 19¹.)

1666 2621 1692 2671 q.
1714 2608 1751 2656 to.
