3570 4754
790 322 1108 335 mmmmm*

194 452 291 538 peris,
315 454 351 516 ut
374 449 511 525 videtur,
543 446 737 530 conscripta,
768 467 854 531 quae
886 451 998 514 tamen
1019 447 1098 513 nihil
1122 451 1180 527 est,
1205 448 1267 514 nisi
1290 451 1450 515 tractatus
1474 469 1573 533 quem
1596 451 1681 516 subo

194 560 252 627 Nr.
285 563 305 626 ὁ
336 555 487 633 indicavi,
510 554 624 637 paucis
648 553 881 620 additamentis
903 555 1132 638 amplificatus.

353 664 383 730 2.
405 682 438 746 p.
462 660 524 727 41.
548 659 679 726 21-16
702 661 721 728 l.
744 661 775 728 4.
821 661 1050 745 Interpretatio
1072 660 1180 726 brevis
1203 662 1408 745 psalmorum
1431 662 1465 729 in
1488 666 1591 730 totam
1620 664 1687 731 dis-

202 770 406 856 pensationis
430 768 562 833 divinae
585 767 757 833 historiam
781 768 1024 851 adoptatorum.
1070 769 1146 852 Qua
1169 767 1203 833 in
1226 772 1320 852 parte
1342 789 1418 837 cum
1440 771 1473 838 in
1504 791 1536 855 p.
1566 773 1586 838 o
1617 772 1637 838 l.
1674 774 1689 837 t

100 892 103 898 '
202 877 420 960 manuscripti
443 876 507 940 mci
532 877 657 960 (textus
679 895 711 959 p.
736 876 774 942 ll
801 876 822 941 l.
847 877 887 943 11
913 876 974 962 sq.)
996 877 1114 943 verba:
1139 876 1253 956 „Sicut
1279 897 1381 960 supra
1413 877 1580 945 diximus“
1615 899 1691 945 sen·

196 984 320 1053 tentiae
342 985 433 1067 prius
457 1002 524 1048 non
556 987 834 1048 commemoratae
867 984 1021 1067 apposita
1052 984 1262 1062 invenissem,
1297 989 1403 1052 totam
1434 987 1521 1054 banc
1553 991 1685 1071 partem

194 1101 248 1192 exf‘
267 1086 366 1175 opere
401 1091 464 1155 alio
499 1090 650 1177 liturgico
685 1090 895 1173 desumptam
937 1110 1009 1155 esse
1041 1092 1171 1158 conieci.
1226 1094 1274 1159 Ac
1302 1112 1377 1158 cum
1420 1095 1452 1161 in
1497 1095 1684 1161 Assemanii

193 1197 398 1273 Bibliotheca
420 1196 570 1261 orientali
596 1196 640 1260 lll
671 1201 680 1258 l
708 1215 740 1279 p.
772 1198 838 1263 516
871 1199 1067 1280 reperissem
1097 1202 1197 1282 caput
1228 1201 1272 1267 lll
1303 1201 1327 1268 l.
1359 1202 1385 1266 ll
1416 1202 1524 1285 operis
1557 1202 1685 1286 Georgii

84 1294 87 1299 ’
193 1304 411 1390 Arbelensis¹)
436 1304 477 1368 de
487 1302 607 1368 :officio
631 1303 752 1382 divino,
776 1305 868 1387 quod
891 1305 1031 1372 habetur
1054 1307 1089 1372 in
1122 1307 1234 1372 codice
1265 1309 1428 1376 Vaticano
1462 1309 1606 1394 Syriaco,
1632 1313 1684 1376 cui

196 1426 284 1481 nunc
307 1417 357 1478 est
379 1430 536 1476 numerus
564 1413 625 1478 148
647 1411 702 1477 fol.
726 1411 887 1498 32-372)
912 1414 1028 1479 iisdem
1053 1415 1119 1482 lere
1152 1414 1260 1483 verbis
1291 1421 1392 1502 atquo
1423 1417 1509 1484 hanc
1541 1419 1686 1485 fasciculi

194 1520 259 1587 mei
281 1522 410 1603 partem
433 1517 600 1602 inchoare,
625 1519 660 1586 P.
684 1518 715 1583 S.
741 1517 858 1584 Giamil
883 1519 962 1585 mihi
986 1521 1121 1605 insuper
1151 1543 1171 1588 a
1202 1524 1272 1589 viro
1305 1525 1502 1599 doctissimo.¹
1528 1527 1553 1593 J.
1588 1527 1682 1593 Guidi

139 1676 141 1679 -
193 1622 253 1719 pro
287 1626 447 1692 eiusmodi
479 1623 649 1690 laboribus
689 1626 954 1692 commendatum
995 1629 1118 1711 rogavi,
1158 1633 1197 1694 ut
1226 1630 1307 1696 illud
1338 1632 1519 1714 capitulum
1552 1634 1632 1700 milri
1668 1654 1686 1699 e

193 1737 304 1804 codice
337 1735 392 1800 illo
431 1733 589 1799 Vaticano
623 1733 833 1814 describeret,
867 1754 941 1800 cum
974 1736 1045 1819 ipse
1074 1735 1218 1802 Romam
1247 1736 1411 1820 proficisci
1445 1758 1512 1804 non
1543 1759 1686 1822 possem.

193 1845 290 1925 Quod
313 1862 388 1908 cum
412 1841 612 1925 descriptum
637 1840 847 1923 accepissem,
872 1861 945 1907 cum
969 1843 1026 1909 illa
1048 1843 1265 1927 manuscripti
1288 1844 1352 1909 mei
1375 1848 1470 1927 parte
1487 1845 1531 1910 ad
1550 1848 1686 1913 verbum

192 1971 372 2036 congruere
394 1950 513 2028 inveni,
537 1949 600 2015 nisi
623 1950 713 2033 quod
736 1950 770 2014 in
802 1949 912 2015 codice
945 1951 1109 2018 Vaticano
1141 1950 1446 2034 interpretationem
1477 1953 1682 2036 psalmorum

193 2061 258 2128 110
280 2064 313 2126 et
339 2060 397 2125 111
424 2061 457 2124 et
479 2057 681 2140 psalmorum
705 2056 784 2146 (118
808 2056 861 2143 H.)
886 2059 949 2124 119
965 2059 1129 2142 usquead
1147 2058 1210 2126 147
1227 2059 1275 2145 (in
1290 2058 1454 2126 Hebraico
1471 2059 1605 2139 marat
1621 2063 1640 2129 i.
1657 2084 1684 2132 e.

190 2160 384 2253 urfrumfere
408 2166 523 2233 folium
551 2166 636 2232 illius
667 2165 788 2232 codicis
819 2166 934 2232 deesse
965 2166 1044 2233 vidi.
1099 2167 1207 2246 Quam
1239 2187 1308 2233 rem
1339 2168 1386 2234 ita
1420 2188 1493 2233 esse
1524 2168 1683 2238 P.Giamil

192 2259 300 2345 denuo
325 2275 498 2343 collatione
521 2275 608 2340 facta
630 2274 735 2339 literis
758 2293 812 2338 me
828 2274 1042 2341 confirmavit.
1089 2274 1171 2341 lllud
1186 2279 1298 2342 autem
1313 2295 1415 2340 unum
1432 2275 1546 2347 lolium
1561 2280 1682 2358 utrum,

191 2390 230 2451 ut
252 2381 390 2464 videtur,
415 2383 550 2449 omnino
573 2382 658 2448 desit
681 2401 725 2447 an
749 2383 812 2448 alio
836 2382 908 2447 loco
932 2383 1019 2448 illius
1043 2383 1164 2448 codicis
1188 2383 1382 2470 inveniatur,
1406 2383 1531 2467 ignoro.

220 2544 226 2569 ς
350 2491 381 2559 3.
404 2510 436 2574 p.
463 2490 544 2559 161.
569 2490 668 2572 4·p.
693 2489 778 2559 201.
802 2491 833 2557 8.
866 2490 1023 2556 Enaratio
1056 2509 1275 2574 personarum
1309 2492 1343 2559 in
1366 2511 1449 2576 quas
1475 2493 1583 2558 David
1599 2513 1675 2576 pro-

189 2601 291 2685 pbeta
309 2600 385 2676 illos
409 2598 553 2683 psalmos
577 2597 704 2664 dixerit.
750 2598 846 2681 Quae
868 2599 914 2663 sic
938 2597 1052 2681 incipit
1073 2598 1212 2684 (Textus
1235 2597 1305 2681 Syr.
1327 2617 1361 2681 p.
1386 2598 1471 2664 631.
1501 2599 1538 2665 15
1571 2602 1679 2685 sqq.):

190 2708 313 2792 „Porro
337 2707 371 2771 in
394 2706 513 2772 virtute
536 2705 666 2770 Domini
689 2707 793 2771 nostri
817 2706 992 2771 scribimus
1016 2702 1173 2791 libellum]
1190 2723 1257 2789 quo
1273 2704 1429 2775 brevibus
1445 2704 1554 2772 verbis
1572 2711 1683 2772 osten·

189 2816 286 2893 ditur,
311 2835 351 2880 ex
375 2817 457 2898 quot
479 2815 665 2903 quibusque
686 2814 834 2897 personis
859 2813 977 2878 beatus
1001 2812 1107 2878 David
1131 2799 1353 2895 composuerit
1375 2812 1447 2878 illos
1470 2814 1617 2896 psalmos
1645 2818 1682 2880 ot

189 2943 345 2989 numerus
369 2921 571 3006 singularum
597 2942 636 2987 ex
659 2922 731 2987 istis
755 2919 938 3005 personia.“

347 3031 378 3098 4.
400 3050 432 3113 p.
456 3028 544 3096 201.
568 3027 686 3097 8-20.
741 3029 807 3096 Cur
836 3049 885 3113 ps.
914 3026 975 3096 118
998 3026 1078 3113 (119
1101 3027 1135 3092 in
1158 3025 1335 3114 Hebraico)
1365 3027 1534 3093 literarum
1567 3027 1681 3092 ordino

189 3138 365 3222 dispositus
390 3138 439 3203 sit.
486 3137 612 3202 Deinde
635 3137 787 3202 lacunam
811 3137 845 3201 in
868 3134 979 3201 codice
1004 3135 1156 3219 ortginali
1180 3155 1251 3201 esso
1276 3135 1498 3203 confirmatur.

189 3407 508 3418 ——-—-----

187 3563 249 3637 mi
270 3571 297 3621 in
317 3586 344 3637 p.
363 3563 409 3632 38)
427 3569 511 3620 verba
530 3568 643 3635 Syriaca
660 3568 773 3620 vocibus
792 3570 821 3619 in
839 3567 955 3619 dialecto
975 3567 1162 3631 Kotarensium
1182 3569 1291 3619 usitatis
1316 3567 1463 3635 explicavit
1516 3568 1557 3618 Ex
1581 3568 1678 3634 quibua

187 3662 259 3719 notis
277 3662 387 3727 insuper
405 3666 516 3726 apparet
534 3666 668 3710 auctorem
689 3659 747 3710 sive
766 3658 967 3725 compilatorem
986 3658 1110 3709 ultimum
1130 3674 1162 3707 eo
1181 3661 1299 3723 temporo
1317 3658 1428 3718 vixisse,
1447 3673 1498 3723 quo
1524 3656 1677 3708 Nestoriani

187 3752 242 3818 ium
261 3766 340 3816 saepe
359 3749 453 3815 lingua
471 3748 588 3800 Arabico
606 3748 750 3800 utebantur
774 3749 793 3798 i.
818 3764 842 3800 e.
869 3748 977 3802 saeculo
1003 3747 1105 3800 docimo
1131 3762 1183 3812 quo
1208 3748 1279 3798 inter
1303 3745 1372 3797 ulios
1397 3748 1465 3797 vixit
1490 3747 1544 3798 Bar
1569 3747 1677 3810 Buthrot,

188 3840 234 3908 qni
253 3840 362 3904 scripsit
379 3838 485 3890 lexicon
506 3837 784 3904 Syriaco-Arabicum.
822 3836 883 3904 Syr.
903 3833 956 3887 Lit.
975 3829 1038 3886 228.

348 3939 370 4008 ¹)
389 3945 458 3997 Vide
478 3950 569 3996 notam
588 3943 805 4015 praecedenteml

217 4108 219 4115 y
346 4046 368 4113 ²)
388 4053 471 4114 Quem
491 4053 611 4105 codicem
636 4053 665 4103 in
683 4052 754 4102 notis
773 4050 927 4102 adtentum
950 4055 977 4101 ot
1002 4053 1150 4102 voraionom
1177 4050 1255 4104 litero
1279 4053 1303 4103 V
1328 4051 1488 4118 significavi,
1514 4051 1673 4106 fasciculum

188 4147 276 4221 autem
297 4158 384 4193 meum
404 4142 534 4194 literati.
