3570 4754
727 267 1046 371 modim

671 480 1094 558 COMMENTARIUS.

854 610 907 671 lx.

294 717 396 781 Porro
420 716 540 783 virtute
563 714 693 780 Domini
718 715 823 780 nostri
847 715 1019 779 scribimus
1045 714 1279 779 elucidationes
1308 715 1380 779 libri
1419 716 1632 798 psalmorum

134 825 222 890 beati
247 824 353 889 David
377 842 463 905 quae
487 823 592 888 sactae
616 825 693 887 sunt
717 842 736 887 a
760 823 918 905 magistro
944 826 1056 887 nostro
1082 822 1215 885 doctore
1248 821 1363 900 Denuo
1388 820 1434 905 (et
1459 826 1538 886 sunt
1576 823 1634 905 qui

134 931 244 996 dicant
260 931 446 1012 amagistro
459 933 572 994 nostro
590 928 756 1014 Gregorio,
769 931 904 995 eremita
912 929 1079 1014 perlecto).
1099 927 1309 1011 Compositae
1326 933 1437 994 autem
1456 927 1556 1016 [sunt]
1572 930 1635 995 du-

136 1038 210 1121 plici
222 1038 359 1116 ratione,
373 1055 439 1101 una
452 1032 581 1123 [verbis]
594 1036 751 1101 brevibus
763 1037 865 1102 minio
880 1034 1034 1124 [scriptat
1052 1037 1154 1100 altera
1167 1036 1366 1118 longioribus
1385 1034 1415 1122 [i.
1430 1057 1455 1103 e.
1471 1037 1633 1128 pluribus]

142 1142 271 1233 [verbis]
297 1146 482 1209 atramento
518 1144 611 1226 nigro
636 1141 795 1230 [scripta]‚
832 1164 905 1209 cum
919 1163 1032 1209 versus
1057 1162 1096 1207 eo
1129 1143 1252 1222 ordine,
1288 1165 1353 1228 quo
1386 1145 1521 1210 veniunt
1555 1165 1635 1210 eon·

134 1254 250 1337 iungis.
297 1253 362 1318 Sed
386 1253 412 1317 si
436 1251 601 1316 nonnullis
624 1252 704 1316 locis
727 1272 841 1317 versus
867 1249 1074 1341 [atramento]
1099 1252 1209 1334 scripti
1234 1271 1350 1317 sensus
1380 1273 1446 1318 non
1483 1252 1635 1335 congruit
1673 1273 1675 1322 l

134 1381 209 1426 cum
233 1356 364 1449 [verbis]
388 1360 488 1423 minio
513 1359 642 1442 scriptis
666 1360 736 1443 lege
759 1361 887 1444 verber)
921 1363 1105 1425 atramento
1131 1355 1275 1446 [scripta]
1307 1366 1340 1425 et
1374 1360 1521 1443 coaptap
1557 1378 1633 1424 cum

142 1465 263 1556 verbis]
289 1468 390 1532 minio
416 1464 604 1554 [scriptisll
637 1467 695 1532 Sin
733 1488 808 1532 vero
842 1469 957 1545 mavis,
992 1467 1140 1548 relinque
1175 1467 1276 1534 verba
1310 1469 1411 1533 minio
1445 1468 1569 1550 scripta
1602 1471 1634 1530 et

135 1576 295 1657 coniunge
320 1571 442 1661 [verba]
466 1577 651 1640 atramento
688 1573 843 1661 [scripta]
877 1576 961 1641 inter
995 1598 1030 1640 se
1062 1580 1094 1639 et
1126 1572 1250 1640 videbis
1286 1595 1419 1640 sensum
1452 1574 1632 1639 verborum

135 1688 270 1753 rectum.

239 1812 381 1874 Psalmue
409 1805 563 1893 primast).
633 1805 852 1895 [Admonitio]
1018 1813 1160 1874 Pmlmue
1190 1813 1307 1892 primus
1328 1810 1449 1873 David.
1480 1807 1662 1905 Narratio

32 1926 33 1933 ’
136 1919 178 1984 ad
213 1917 318 1983 bonos
352 1913 498 1998 moresl).
547 1912 694 2000 ¹,‚Beatuo
725 1915 794 1978 vir“
826 1925 859 1981 et
914 1919 946 1980 et
979 1917 1160 1982 admonitio
1194 1918 1237 1983 ad
1268 1910 1426 1981 honestos
1459 1934 1570 1979 mores
1603 1918 1634 1979 ei

137 2022 403 2107 ceteratheque
421 2021 568 2106 peccavit
583 2022 752 2087 voluntate
776 2023 858 2108 sua.)
914 2022 1019 2088 bones
1043 2025 1173 2090 vivendi
1196 2025 1350 2090 rationes
1401 2023 1571 2104 ¹„Beotne¹‘
1603 2024 1634 2087 in

135 2132 249 2215 Neque
266 2149 402 2196 assensn
425 2133 476 2195 cst
498 2130 650 2194 voluntas
664 2130 732 2195 eius
754 2131 858 2198 malis.
913 2132 1054 2212 utroque
1077 2132 1201 2197 mundo
1225 2132 1277 2196 ille
1305 2132 1377 2218 „vir
1399 2131 1455 2215 qni
1478 2151 1539 2194 non
1571 2153 1635 2193 ern·

136 2237 287 2304 Nefarios
323 2236 467 2320 appellat
505 2237 576 2302 illos
612 2236 667 2319 qui
704 2237 857 2302 iniuriam
913 2233 1029 2300 tuave
1051 2237 1085 2302 iu
1121 2240 1171 2302 via
1204 2240 1404 2324 iniquorum‘
1436 2257 1544 2320 neque
1577 2238 1636 2302 ad·

54 2380 56 2384 ·
135 2345 257 2412 faciunt
272 2343 340 2410 suis
356 2343 463 2409 sociis,
510 2343 632 2423 „Elin
650 2344 774 2408 coneilio
791 2368 857 2430 poc-
913 2343 1020 2441 haesit
1043 2345 1081 2409 iis
1105 2346 1138 2410 in
1173 2347 1298 2412 insidiis
1334 2346 1401 2411 suis
1436 2343 1522 2433 [cum
1557 2346 1635 2411 insi-

136 2449 292 2514 ειιίονιωη(ι
316 2450 454 2535 (illomm
481 2451 600 2531 quibus
623 2473 691 2517 non
713 2453 801 2517 venit
823 2453 855 2518 in
914 2451 986 2516 dias
1010 2471 1087 2516 suas
1112 2450 1278 2541 pararent]
1304 2464 1348 2536 „ec
1371 2453 1406 2515 in
1429 2451 1575 2517 auidior
1605 2458 1636 2519 et

136 2562 280 2624 mentem
313 2559 430 2623 reverti
472 2557 522 2645 [se
548 2559 750 2646 convertere]
774 2583 857 2642 „non
911 2560 944 2624 in
968 2559 1164 2641 cogitatione
1195 2565 1404 2646 ‚peecatorum
1436 2581 1497 2623 non
1529 2561 1637 2642 eletit,“

136 2666 299 2742 unane,
313 2670 349 2730 ut
365 2666 485 2731 faceret
501 2665 716 2749 iniquitatem.
741 2667 856 2732 Consi·
910 2668 1029 2733 scilicet
1045 2666 1293 2752 „nondelectotuo
1306 2676 1345 2731 eet
1355 2667 1503 2732 montale
1513 2674 1635 2732 eorunr‘

136 2773 215 2837 lium
240 2772 385 2855 appellat
416 2773 483 2837 vim
515 2773 720 2840 discretionis
755 2775 855 2840 animi
913 2772 1040 2862 [studiis
1065 2772 1189 2863 eorum]
1222 2795 1327 2858 neque
1361 2797 1397 2841 se
1429 2777 1636 2843 commiscuit

138 2882 169 2943 et
193 2883 383 2962 peccatores
407 2900 464 2944 cos
488 2881 544 2963 qui
568 2885 680 2963 aperte
704 2885 854 2965 peccant.
911 2901 985 2946 cum
1020 2883 1066 2946 eis
1103 2887 1135 2946 et
1160 2883 1215 2962 „io
1249 2883 1345 2946 nodie
1368 2882 1494 2948 coizeilio
1528 2905 1635 2950 eorum

139 2985 203 3067 „Et
225 2986 262 3051 in
293 2986 360 3052 aede
383 2986 581 3051 irridentium
604 3009 666 3052 rum
696 2988 790 3052 sedin
824 2993 857 3053 et
910 2988 965 3072 qui
987 2988 1147 3053 ιίθνίάωιϋι
1172 2995 1204 3055 et
1219 2991 1362 3056 illudunt
1385 2991 1426 3056 de
1444 2991 1571 3057 iudiciis
1587 2993 1636 3057 di·

139 3093 271 3175 gavisus
296 3097 345 3158 est
371 3092 488 3181 [neque
503 3095 625 3177 placuit
637 3095 681 3182 ei]
706 3096 795 3179 quod
810 3096 854 3161 illi
911 3095 995 3159 vinis
1020 3117 1102 3175 „non
1127 3096 1209 3179 seon,
1246 3098 1295 3161 sed
1323 3120 1437 3161 omnem
1472 3108 1584 3162 noctem
1609 3109 1636 3165 et

138 3199 219 3264 alios
243 3200 432 3268 irridebant.
478 3203 653 3268 irridentes
677 3207 774 3270 vocat
797 3224 854 3268 eos
910 3200 989 3266 dion
1012 3203 1048 3264 in
1072 3200 1127 3290 [de]
1152 3204 1209 3291 lupe
1231 3205 1363 3269 Domini
1384 3205 1545 3270 meditatus
1567 3206 1636 3277 'aelf‘

137 3306 193 3389 qui
225 3307 364 3372 illudunt
399 3309 479 3376 aliis.
533 3306 627 3391 ²„Sed
661 3311 695 3373 in
719 3309 778 3396 lepe
792 3308 854 3373 Do·
913 3309 1034 3399 Legem
1058 3310 1190 3375 Domini
1215 3313 1410 3377 mandatum
1435 3313 1505 3377 eius
1522 3316 1635 3398 appel-

136 3412 219 3478 nn'ni
241 3412 382 3479 muretus
404 3416 489 3480 einer
515 3418 547 3501 (i.
572 3425 613 3499 c.)
631 3417 808 3483 meditatur
823 3422 856 3483 et
911 3415 966 3480 lat.
1029 3415 1104 3496 ssot
1127 3417 1162 3479 in
1196 3416 1250 3505 [de]
1284 3419 1343 3505 lepe
1373 3421 1439 3485 eius
1470 3421 1636 3487 nieditatur

27 3609 31 3617 .
138 3525 247 3585 servat
271 3520 370 3608 [eam]
395 3524 544 3605 perfecte.
590 3525 709 3606 Legem
724 3525 854 3589 Domini
910 3521 959 3586 die
982 3545 1018 3585 oe
1041 3526 1141 3587 erodet
1173 3525 1243 3588 sine
1276 3526 1496 3592 distractione
1522 3527 1634 3616 [animi

298 3877 318 3943 ¹)
340 3884 407 3936 Seu:
429 3885 539 3936 Versum
559 3887 576 3935 i.
597 3903 621 3936 e.
641 3902 721 3936 unam
742 3886 955 3937 enuntiationem
976 3889 1141 3937 continuum.

298 3969 320 4035 ²)
340 3990 376 4024 sc.
396 3977 495 4026 omisso
514 3992 567 4025 uno
587 3975 705 4026 alterove
724 3977 806 4026 verbo
826 3974 1011 4028 commentarii
1030 3977 1167 4042 longioris,
1188 3995 1240 4044 quo
1259 3978 1337 4028 datm·
1357 3979 1411 4030 aliu
1433 3980 1634 4044 interpretatio·

298 4056 320 4123 ³)
341 4064 361 4112 G
375 4065 400 4112 in
412 4066 545 4128 margine:
559 4059 701 4127 [Paulinus]
713 4067 822 4129 primus.
842 4066 976 4116 Laudatio
987 4068 1080 4132 primu,
1094 4083 1132 4116 re¹
1142 4084 1187 4117 sris
1199 4067 1264 4130 xlv,
1276 4073 1355 4134 cnpmt
1365 4071 1487 4134 primum.
1500 4069 1555 4120 cn.
1574 4089 1599 4134 p.
1610 4067 1627 4117 9

298 4145 319 4212 ⁴)
342 4153 370 4202 B.
392 4153 425 4202 H.
449 4147 688 4213 Iulianarum
709 4154 899 4204 admonitionis
921 4155 955 4220 nd
975 4158 1058 4206 bonos
1078 4173 1175 4207 mores.
