3570 4754
727 246 1046 348 ...sem

140 464 173 526 et
195 459 377 543 gaudemus
401 459 442 524 de
465 462 507 537 te,
532 458 610 542 quia
633 461 669 523 tu
692 478 727 523 es
751 459 926 524 thesaurus
951 457 1115 537 ecclesiae,
1140 459 1196 541 qui
1220 458 1401 523 collocatus
1434 463 1485 526 est
1499 461 1534 526 in
1550 482 1613 545 pro

139 567 245 632 vincia
261 565 450 646 Ciliciae.“¹)
495 565 699 631 Auctoritate
719 566 816 648 igitur
832 565 1032 631 celeberrimi
1046 565 1254 647 patriarchae
1271 566 1631 650 constantinopolitani

139 675 221 740 fulta
244 674 389 758 synodus
413 673 596 738 doctrinam
619 673 784 738 Theodori
807 673 1029 755 Mopsuesteni
1061 673 1280 738 commendat.
1336 674 1488 739 Ceterum
1522 696 1633 759 neque

139 783 172 847 in
196 782 349 864 operibus
373 780 477 846 sancti
501 779 637 844 Joaunis
662 780 899 864 Chrysostomi,
921 781 1080 863 imprimis
1104 781 1137 845 in
1160 781 1302 846 homiliis
1325 783 1397 846 eius
1423 803 1523 866 super
1540 786 1634 867 psal-

139 909 221 968 moS,
246 892 328 972 quot
349 887 446 952 nobis
469 887 610 952 traditae
634 890 721 966 sunt,
745 907 852 970 neque
875 888 909 952 iu
933 889 1084 970 operibus
1109 889 1214 953 sancti
1230 888 1415 969 Ephraemi,
1432 910 1532 973 quem
1549 890 1631 958 item

139 997 172 1061 in
205 1014 342 1060 numero
383 994 644 1060 orthodoxorum
676 998 810 1076 patrum
855 994 957 1059 habet
988 994 1221 1077 compilatorlt,
1256 997 1437 1079 quidquam
1480 997 1632 1064 iuvenire

139 1103 242 1186 potui,
267 1101 357 1186 quod
381 1102 414 1166 in
447 1102 539 1165 illum
570 1102 754 1166 breviorem
789 1103 1062 1167 commentarium
1095 1122 1248 1168 manasse
1282 1103 1449 1167 affirmare
1482 1125 1633 1186 possem.

136 1208 285 1293 Denique
308 1229 414 1292 neque
438 1210 607 1273 auctorem
631 1209 858 1273 commentarii
883 1209 1040 1273 brevioris
1064 1225 1170 1292 neque
1193 1209 1327 1287 iontem,
1360 1210 1447 1274 unde
1471 1210 1631 1292 hauserit,

137 1317 287 1399 mdagari
311 1316 414 1398 potui.
461 1315 742 1381 commentarium
767 1335 845 1380 vero
868 1316 1061 1397 longiorem,
1085 1316 1226 1381 formam
1250 1317 1370 1381 scilicet
1393 1316 1482 1380 illam
1514 1321 1633 1399 genui·

136 1445 215 1490 nam
238 1422 464 1489 commentarii
487 1424 522 1487 in
552 1423 688 1487 ecclesia
720 1423 917 1487 Nestoriana
949 1424 1118 1500 traditam,
1151 1424 1217 1488 iam
1251 1425 1336 1488 eirca
1370 1442 1495 1488 annum
1529 1425 1626 1513 824⁸)

137 1535 195 1596 aut
216 1531 334 1596 saltem
358 1533 434 1595 ante
458 1532 600 1594 oetatem
624 1530 731 1608 Abobi
754 1528 954 1615 KatareusiS,
980 1530 1148 1594 saeculum
1158 1529 1330 1610 decimum,
1355 1531 1517 1597 exstitisse
1540 1553 1632 1600 nuno

138 1639 302 1704 affirmare
324 1636 408 1715 licet,
433 1656 509 1701 cum
533 1637 701 1718 Baethgen
726 1657 801 1701 eam
823 1657 889 1700 non
914 1637 976 1701 uisi
1000 1637 1200 1701 Barhebraei
1224 1641 1371 1719 tempore
1395 1638 1413 1701 i.
1441 1658 1459 1702 e
1494 1641 1631 1707 saeculo

139 1745 385 1811 decimotertio
410 1744 573 1808 exstitisse
597 1744 825 1808 demonstrare
849 1747 961 1826 posset
986 1744 1167 1827 {Baethgen
1189 1745 1209 1810 l.
1234 1764 1259 1810 c.
1285 1746 1370 1812 1885
1393 1764 1424 1826 p.
1449 1746 1537 1831 101).

151 1854 153 1864 '
296 1851 493 1934 Priusquam
525 1854 636 1915 autem
659 1870 767 1933 pauca
790 1851 831 1916 de
854 1852 990 1938 ratione,
1015 1871 1082 1934 qua
1110 1854 1240 1933 partem
1262 1851 1359 1915 huius
1384 1851 1491 1933 operis
1506 1853 1632 1934 publici

136 1962 214 2026 iuris
236 1960 342 2025 facere
366 1963 399 2024 et
422 1979 439 2023 e
460 1959 573 2041 lingua
597 1958 732 2041 Syriaca
754 1962 880 2023 vertere
913 1959 1022 2043 statui,
1055 1958 1187 2035 addam,
1216 1959 1365 2023 omittere
1389 1977 1457 2022 nen
1472 1977 1623 2041 possum,

135 2071 266 2150 praeter
289 2065 481 2148 originalem
514 2065 660 2130 codicem
683 2065 718 2129 in
741 2065 941 2129 monasterio
966 2086 992 2129 s.
1016 2064 1138 2129 Mariae
1162 2070 1379 2149 asservatum,
1404 2084 1424 2128 a
1448 2084 1514 2147 quo
1547 2087 1622 2133 ma·

135 2173 340 2255 nuscriptum
363 2192 475 2237 meum
500 2172 702 2254 descriptum
726 2176 784 2250 est,
809 2172 946 2236 existere
970 2171 1071 2235 videri
1095 2171 1196 2237 alium
1220 2173 1366 2238 codicem
1382 2173 1488 2253 operis
1508 2177 1625 2244 nostri.

134 2281 179 2348 H.
213 2280 362 2346 Goussen
396 2281 492 2367 enim,
526 2281 577 2344 vir
609 2279 792 2345 litterarum
824 2279 1031 2361 Syriacarum
1064 2279 1291 2365 peritissimus,
1324 2279 1440 2343 litteris
1473 2285 1629 2365 acceptiS,

136 2408 219 2472 quas
243 2406 373 2453 mecum
402 2388 665 2466 communicavit,
691 2387 808 2451 certior
824 2386 931 2452 laetus
947 2391 1007 2466 est,
1021 2387 1055 2450 in
1070 2386 1269 2453 bibliotheca
1285 2384 1493 2468 patriarchae
1508 2387 1629 2455 Nesto-

135 2495 313 2574 rianorum,
338 2495 393 2578 qui
416 2495 537 2559 residet
559 2496 592 2559 in
615 2495 692 2559 villa
715 2494 877 2560 Octdanes
900 2495 933 2557 in
949 2495 1071 2558 finibus
1087 2494 1177 2576 regni
1193 2493 1378 2572 Persarum,
1395 2512 1467 2558 esse
1483 2496 1631 2560 codicem

135 2603 233 2667 huius
258 2603 459 2685 argumenti:
484 2603 717 2686 „(l2¹l2><8¹l,
743 2605 818 2668 olm.
843 2602 884 2687 (P)
908 2601 1050 2684 paginae
1073 2601 1151 2687 440)
1174 2600 1270 2665 Liber
1293 2599 1517 2664 elucidationis
1540 2604 1633 2684 psal-

135 2720 266 2775 morum
289 2710 396 2774 David
423 2713 450 2774 l.
482 2730 577 2791 pars:
611 2710 873 2775 Introductiones
906 2708 1121 2792 psalmorum.
1170 2708 1198 2773 2.
1231 2705 1416 2770 Divisiones
1450 2727 1563 2773 eorum
1596 2711 1632 2775 in

135 2816 263 2883 Hullale
277 2821 309 2881 et
321 2816 524 2900 Marmejata.
548 2818 578 2884 3.
591 2818 830 2899 Argumentum
842 2816 1099 2898 uniuscuiusque
1110 2813 1228 2896 psalmi
1240 2813 1274 2876 in
1287 2813 1401 2877 ordine
1414 2833 1483 2882 suo.
1507 2813 1537 2881 4.
1554 2815 1631 2881 Col-

138 2924 233 2989 lectio
246 2923 459 3006 psalmorum.
469 2923 500 2990 5.
513 2924 667 2989 Collectio
681 2927 713 2988 et
722 2924 889 3007 quantitas
901 2942 1024 2988 eorum.
1042 2922 1072 2986 6.
1084 2921 1255 3003 Inscriptio
1267 2939 1380 2985 eorum
1393 2923 1425 2984 et
1436 2927 1632 3002 argumenta

142 3050 265 3098 eorum.
290 3031 319 3097 7.
331 3028 533 3096 introductio
548 3030 710 3095 Natanael
723 3030 867 3113 episcopi
881 3011 1108 3096 Sirazorensis.
1132 3030 1161 3094 8.
1173 3027 1325 3092 Psalmus
1339 3028 1394 3110 qui
1405 3027 1472 3091 iam
1489 3047 1556 3092 non
1575 3033 1627 3094 est

134 3138 168 3203 in
181 3134 360 3225 [psalterio]
373 3137 488 3205 David.
511 3140 541 3205 9.
554 3138 600 3203 De
613 3138 867 3203 elucidatoribus
881 3132 1221 3224 [commentatoribus]
1236 3153 1379 3217 quorum
1395 3134 1629 3201 elucidationes

134 3264 201 3310 non
213 3247 291 3309 sunt
303 3248 466 3327 acceptae.
495 3245 544 3312 10.
557 3245 679 3309 Omnes
692 3245 909 3309 elucidatores
921 3244 1051 3327 recepti.
1078 3244 1127 3308 11.
1140 3242 1274 3307 Initium
1287 3241 1514 3306 elucidationis
1532 3244 1624 3325 psal-

134 3371 274 3418 morum.
291 3351 343 3418 12.
354 3351 535 3417 Elueidatio
546 3353 579 3416 in
589 3352 750 3417 brevitate
762 3349 925 3440 [breviorl
939 3370 1025 3433 quae
1036 3353 1220 3415 atramento
1233 3348 1333 3413 rubro
1344 3345 1477 3435 [scripta
1487 3347 1559 3437 estl.
1572 3351 1624 3416 13.

134 3459 317 3525 Elucidatio
329 3460 430 3546 longa
442 3463 625 3526 atramento
637 3460 729 3542 nigro
742 3456 897 3548 [scriptal.
922 3458 974 3524 14.
985 3457 1092 3522 Etiam
1103 3456 1284 3523 secundum
1295 3458 1527 3538 argumentum
1538 3476 1628 3522 com-

296 3759 319 3829 ι)
337 3767 417 3819 Mecr.
436 3767 599 3832 Bergionom
619 3783 644 3832 p.
665 3767 724 3817 388.
746 3765 800 3818 Cir.
819 3767 921 3833 Migne,
939 3783 992 3818 eer.
1012 3767 1058 3818 Gr.
1076 3771 1096 3818 t.
1116 3768 1150 3816 52
1169 3766 1219 3816 col.
1240 3766 1291 3816 668
1312 3781 1350 3830 eq.
1371 3769 1398 3815 et
1415 3765 1452 3814 ib.
1472 3769 1490 3816 t.
1512 3759 1545 3816 56
1572 3767 1626 3817 cel.

135 3853 185 3917 51⁷
212 3857 259 3908 ubi
287 3854 368 3907 lectio
416 3842 448 3904 ἕν
477 3843 603 3922 Κίλικίᾳ
631 3857 713 3906 otiam
732 3861 822 3908 nostro
841 3862 917 3908 textu
936 3856 1117 3907 commendari
1135 3855 1251 3917 videtur,
1271 3855 1378 3907 etiamsi
1391 3858 1479 3906 textus
1494 3854 1623 3921 Syriaeue

136 3949 304 4014 aliquantum
324 3945 498 3997 abbreviatus
518 3950 560 3996 eet
576 3960 665 4011 neque
689 3944 723 3995 ad
742 3946 854 3996 verbum
873 3947 997 4012 congruit
1016 3960 1078 3995 cum
1097 3950 1172 3995 textu
1192 3945 1305 3996 Graeco.

294 4028 567 4101 &prhm

296 4117 318 4186 ³)
340 4123 409 4176 Vide
427 4140 455 4190 p.
480 4126 510 4174 10
528 4139 554 4175 n.
578 4119 612 4187 l).
