3570 4754
797 392 972 417 mtv'waevxmwwv*
976 404 1082 414 ΜΛΝ-’νυν
1086 405 1094 411 ⁷¹
1098 405 1111 411 ν’

214 531 377 611 'quana
400 553 445 596 nn
468 531 502 594 de
527 553 576 594 ere
597 527 734 593 learned‘
757 527 916 616 (mortist)
951 530 1119 616 Absalom,
1153 550 1198 596 ne
1221 530 1355 594 devoret
1389 549 1442 594 me
1475 538 1522 608 „et
1553 549 1574 594 u
1606 550 1705 595 eorrnn

211 638 292 702 ulte“
326 639 522 723 unicornis)
559 636 731 724 (Satanae)
766 637 926 702 Absalom
968 642 999 702 et
1041 639 1205 703 socinum
1242 638 1310 702 eius
1346 657 1441 702 serva
1476 635 1706 722 „humilitatem

211 747 347 812 niteant‘
371 747 544 811 Unieornis
568 747 654 809 enim
678 745 784 809 hestia
807 746 975 809 terrrihilis
1001 749 1032 809 et
1063 750 1181 826 potens
1211 747 1260 808 est
1283 746 1315 807 et
1340 747 1389 808 est
1413 744 1440 807 ei
1465 763 1566 808 cornu
1590 765 1707 819 unum,

211 874 276 937 quo
301 855 435 918 arbores
459 873 598 936 magnas
618 853 711 917 facile
728 853 874 916 eradicat
893 856 925 916 et
941 856 1115 935 propterea
1141 851 1346 933 comparavit
1361 871 1435 916 eum
1460 871 1498 915 ea
1514 850 1706 938 (Satanam)

211 962 369 1026 Absalom
394 965 426 1026 et
449 962 554 1026 socios
579 961 656 1026 eius.
704 958 798 1038 2³„Ut
816 959 1000 1023 annuntiem
1018 981 1123 1022 nonen
1143 968 1231 1023 return
1246 957 1407 1043 frua-ibus
1430 959 1524 1023 erreis“
1561 959 1705 1038 Judaeis

210 1069 266 1149 qui
290 1072 366 1132 sunt
390 1068 538 1150 discipuli
562 1069 625 1131 mei
650 1088 667 1131 e
691 1067 814 1131 semine
838 1067 1008 1131 Abraham
1030 1067 1287 1149 quotiescunque
1312 1071 1427 1130 nactus
1462 1087 1516 1130 ero
1542 1068 1703 1132 auxilium

211 1180 314 1254 tuum,
340 1196 496 1240 enarrans
520 1176 643 1258 gratias
666 1178 740 1240 tuas
775 1184 821 1253 „et
843 1173 943 1238 reunia
974 1175 1111 1236 concione
1139 1171 1297 1259 [ecclesiae]
1322 1173 1520 1238 Judaeorum
1553 1174 1708 1253 ‚laudubo

211 1283 255 1344 td‘
281 1286 312 1346 et
335 1283 477 1347 narrabo
513 1283 697 1365 triumphos
728 1285 814 1345 tuos.
862 1282 926 1345 Vos
961 1286 1081 1358 autern,
1108 1281 1212 1364 2⁴„qrn'
1243 1281 1353 1344 timetis
1386 1281 1557 1345 Dominum
1581 1282 1707 1348 tundata

211 1395 303 1454 crern“
327 1411 386 1472 pro
411 1391 472 1454 illis
496 1390 618 1454 deliciis
642 1410 725 1472 quas
750 1390 839 1453 dedit
863 1388 958 1452 nobis
982 1389 1255 1453 condemnatione
1279 1390 1487 1454 inimieorum
1512 1393 1706 1455 nostrorum

145 1535 146 1539 =
212 1502 244 1562 ct
268 1519 374 1576 „onena
396 1519 498 1562 semen
521 1497 618 1562 Jacob
640 1496 786 1562 houmute
810 1502 898 1559 enrn‘
922 1497 940 1561 i.
966 1517 983 1559 e
1019 1496 1113 1560 colite
1138 1516 1213 1561 eum
1238 1498 1444 1562 enarratione
1470 1495 1595 1584 [eorum
1619 1519 1707 1580 quae

212 1603 299 1691 feeit]
325 1609 357 1669 et
380 1606 736 1688 hymnispsalmorum
760 1605 839 1681 eius,
865 1624 938 1668 eum
973 1604 1028 1686 qui
1061 1604 1187 1668 honore
1221 1605 1328 1669 affecit
1361 1625 1420 1669 vos
1452 1607 1566 1688 magis,
1603 1627 1705 1689 qnam

213 1733 344 1777 omnem
368 1716 497 1796 gentem
521 1723 568 1798 „et
583 1712 680 1778 tinete
696 1733 762 1776 earn
786 1732 876 1776 unane
900 1731 1006 1775 sennen
1036 1710 1188 1776 denuald‘
1235 1713 1275 1776 Et
1307 1714 1437 1780 studete
1469 1714 1610 1796 perfecte
1644 1715 1707 1779 im·

211 1821 300 1902 plere
334 1804 537 1885 voluntatem
572 1822 641 1885 eius
721 1818 864 1898 ²⁵„an'u
900 1840 999 1899 nequae
1033 1818 1153 1904 spreuit
1189 1841 1287 1899 neque
1322 1821 1500 1906 repudiavit
1537 1821 1707 1886 etcinerem

207 1927 384 2011 puerperie²‘
407 1928 522 2013 David,
547 1928 602 2019 qui
625 1927 814 1992 humiliatus
839 1932 909 1991 erat
933 1929 1173 1993 vexationibus.
1220 1929 1403 2011 Pauperem
1425 1934 1535 1995 autem
1559 1931 1707 2013 seipsum

214 2041 308 2101 vocat
330 2037 364 2100 in
388 2036 633 2119 comparatione
658 2036 787 2099 illorum
812 2035 1072 2116 adversariorum
1099 2056 1243 2119 suorum,
1270 2038 1348 2118 quia
1372 2041 1442 2101 tota
1466 2059 1544 2120 gens
1563 2039 1705 2121 abrepta

212 2149 291 2223 erat,
316 2147 352 2207 ut
374 2144 533 2208 Absalom
557 2146 759 2225 sequeretur.
807 2141 940 2221 „Neque
973 2142 1087 2207 auertit
1112 2141 1238 2227 faeiem
1262 2164 1356 2208 suurn
1388 2144 1425 2208 uh
1456 2151 1519 2222 ed‘,
1553 2150 1705 2228 tempore

212 2273 278 2334 quo
303 2252 408 2316 oravit
433 2271 544 2316 eoram
569 2271 607 2316 eo
632 2254 665 2315 et
688 2250 818 2332 retiqnit
842 2269 917 2314 eum
942 2251 975 2313 in
999 2252 1246 2328 tentationibus,
1272 2252 1330 2315 sed
1363 2273 1455 2330 „enin
1477 2251 1630 2319 clamaret
1666 2253 1710 2318 ud

212 2379 297 2438 enm,
323 2359 488 2425 enaecdiuit
520 2363 616 2424 cnem⁸‘
650 2364 681 2423 et
712 2358 849 2421 redemit
881 2378 956 2421 eum
989 2358 1031 2421 ab
1055 2358 1194 2421 inimicis
1220 2359 1288 2423 eius
1321 2360 1517 2425 fortissimis.
1567 2360 1650 2440 Ἣ
1680 2369 1710 2426 te

212 2467 285 2533 tane
307 2473 400 2532 rneu“
424 2468 505 2532 haee
530 2471 562 2531 et
584 2467 690 2531 honor
713 2485 817 2542 meus,
841 2466 896 2547 qui
923 2466 1019 2529 datus
1044 2469 1093 2528 est
1108 2465 1197 2543 mihi,
1223 2466 1408 2546 oDomine‚
1433 2489 1539 2550 neque
1559 2470 1602 2532 ab
1627 2469 1709 2533 aliis·

213 2574 274 2653 „ln
292 2560 428 2639 <ecelesia
449 2579 589 2658 rieupnd‘
614 2574 695 2637 haec
711 2573 828 2651 dicam,
854 2592 926 2636 eum
947 2573 1232 2654 congregabuntur
1250 2575 1352 2639 multi.
1385 2575 1492 2652 „Vou
1509 2574 1601 2641 nneu“
1625 2577 1711 2640 haec

214 2702 298 2763 quae
324 2682 408 2767 vovi,
434 2679 586 2765 „immeo
607 2699 712 2744 eorum
730 2678 915 2744 timentibus
931 2679 1034 2758 erem,“
1059 2682 1137 2762 quia
1161 2701 1272 2745 eoram
1296 2683 1333 2745 iis
1359 2684 1482 2747 audivit
1505 2704 1557 2747 me
1582 2686 1614 2748 et
1636 2685 1711 2748 lau-

213 2789 304 2852 davit
327 2809 388 2855 me.
434 2789 472 2852 m
497 2787 670 2871 prophetia
695 2787 774 2850 data
791 2787 984 2868 praedicens
1007 2788 1112 2852 Deum
1129 2789 1313 2853 soluturum
1335 2810 1406 2854 esse
1422 2792 1591 2873 angustias
1612 2812 1712 2877 suas3

213 2895 390 2975 2⁷„Euene‘
416 2896 530 2977 inqnh,
556 2898 753 2980 ‚‚punperes“
778 2891 831 2978 (de
863 2895 961 2958 domo
986 2895 1188 2979 Adamitiea)
1221 2898 1265 2962 illi
1301 2899 1355 2980 qui
1390 2898 1616 2963 sustinuerunt
1650 2920 1711 2964 an-

212 3004 336 3084 gustias
360 3006 392 3066 et
422 3004 666 3085 persecutiones
696 3022 825 3067 meeum
862 3010 914 3083 „et
947 3002 1176 3067 suetaunnenn‘
1213 3005 1319 3082 bonis
1345 3004 1543 3087 simulatque
1578 3026 1711 3073 mecum

213 3096 384 3193 effugerint
415 3111 576 3175 malitiam
614 3110 780 3174 Absalom,
827 3110 994 3192 Pauperes
1029 3112 1174 3193 appellat
1208 3113 1289 3190 illos
1323 3114 1379 3195 qui
1412 3134 1486 3177 eum
1522 3135 1560 3178 eo
1593 3119 1710 3202 sunm)

212 3217 349 3299 Propter
373 3218 561 3282 vexationes
588 3217 685 3301 [quas
709 3217 831 3303 ferunt]
865 3217 968 3296 „uiuet
992 3238 1046 3282 eor
1069 3224 1201 3283 corune‘
1234 3219 1354 3301 gaudio
1388 3241 1453 3303 quo
1485 3221 1712 3303 implebuntur

212 3324 270 3404 „e'n
294 3323 449 3391 suueuiu.“
483 3323 772 3411 2⁸„Menununm
791 3326 920 3390 animae
938 3323 1049 3412 [vitae]
1068 3346 1148 3390 suae
1173 3335 1224 3404 „et
1239 3332 1485 3406 conuiuarum,
1510 3333 1547 3393 ut
1570 3331 1709 3397 veniant

212 3431 276 3510 „ud
298 3431 512 3510 Domireum“,
537 3436 574 3497 ut
589 3437 759 3498 serventur
774 3434 987 3515 poenitentia,
1013 3454 1138 3511 „ornnes
1154 3433 1234 3514 fieres
1249 3433 1377 3500 terraer
1401 3437 1627 3517 promissionis
1655 3437 1710 3525 [se.

220 3539 408 3603 habitantes
432 3539 465 3602 in
483 3536 551 3627 eis]‚
577 3538 632 3621 qhi
656 3551 723 3603 uon
747 3527 880 3628 [neque]
910 3541 1169 3606 recordabantur
1195 3543 1235 3606 de
1256 3544 1367 3624 gratiis
1388 3543 1447 3607 Dei
1465 3548 1497 3608 et
1519 3542 1652 3632 [neque]
1676 3546 1712 3611 in

212 3647 329 3712 timore
353 3647 421 3711 eius
443 3647 631 3730 sperabant.
673 3648 736 3726 „Ee
751 3670 853 3714 marn
869 3671 904 3714 eo
920 3648 1100 3714 odorabunt
1123 3669 1232 3713 enarres
1256 3647 1356 3713 trihus
1378 3649 1545 3732 pentinum
1573 3672 1659 3734 quae
1677 3654 1712 3718 in

373 3933 394 4004 ¹)
414 3943 446 3993 B.
465 3941 500 3991 H·
518 3941 622 4003 maun.
659 3942 695 3990 Er·
714 3959 730 3991 a
749 3957 828 3991 cornu
843 3941 897 3991 alto
911 3940 1087 3992 humilitatem
1103 3957 1199 3990 meam.
1241 3942 1373 3993 Graecus:
1394 3960 1427 4003 „a
1446 3959 1527 3993 cornu
1541 3945 1711 3995 unicornium

212 4032 391 4082 humilitatem
411 4025 515 4082 meam“
535 4033 553 4082 i.
574 4048 596 4082 e.
616 4031 700 4081 Remu
715 4024 871 4096 [unicornis]
894 4030 962 4096 quod
983 4030 1070 4082 simile
1090 4036 1131 4081 est
1144 4031 1280 4098 antilopao
1300 4048 1420 4098 nragnae.
1459 4032 1495 4081 ut
1514 4032 1564 4081 hoc
1581 4027 1705 4098 [animal]

213 4123 320 4172 unicum
340 4121 421 4172 habet
439 4137 520 4171 cornu
539 4121 629 4171 medio
649 4123 736 4186 eapite
758 4115 881 4184 [fronte].

374 4204 395 4272 ²)
415 4211 516 4261 Textus
536 4209 623 4260 addit:
643 4210 678 4260 m
698 4209 846 4260 laudabunt
864 4210 1006 4260 Dominum
1026 4211 1072 4276 qui
1091 4216 1222 4276 quaerunt
1242 4227 1310 4261 eum.
