<?xml version="1.0" encoding="UTF-8"?>
<!DOCTYPE html PUBLIC "-//W3C//DTD XHTML 1.0 Transitional//EN"
    "http://www.w3.org/TR/xhtml1/DTD/xhtml1-transitional.dtd">
<html xmlns="http://www.w3.org/1999/xhtml" xml:lang="en" lang="en">
 <head>
  <title>
</title>
<meta http-equiv="Content-Type" content="text/html;charset=utf-8" />
  <meta name='ocr-system' content='tesseract 3.04.00' />
  <meta name='ocr-capabilities' content='ocr_page ocr_carea ocr_par ocr_line ocrx_word'/>
</head>
<body>
  <div class='ocr_page' id='page_1' title='image "./exegesispsalmor00vandgoog_0028.png"; bbox 0 0 3570 4754; ppageno 0'>
   <div class='ocr_carea' id='block_1_1' title="bbox 70 490 1563 685">
    <p class='ocr_par' dir='ltr' id='par_1_1' title="bbox 70 490 1563 685">
     <span class='ocr_line' id='line_1_1' title="bbox 71 490 1563 579; baseline -0.001 -21"><span class='ocrx_word' id='word_1_1' title='bbox 71 495 123 558; x_wconf 80' lang='lat' dir='ltr'>rs.</span> <span class='ocrx_word' id='word_1_2' title='bbox 153 496 232 561; x_wconf 81' lang='lat'>128:</span> <span class='ocrx_word' id='word_1_3' title='bbox 256 493 374 574; x_wconf 68' lang='lat' dir='ltr'>„aloiti</span> <span class='ocrx_word' id='word_1_4' title='bbox 396 503 469 557; x_wconf 82' lang='lat' dir='ltr'>sum</span> <span class='ocrx_word' id='word_1_5' title='bbox 491 493 712 579; x_wconf 77' lang='lat' dir='ltr'>quitribuluot</span> <span class='ocrx_word' id='word_1_6' title='bbox 734 499 809 560; x_wconf 80' lang='lat' dir='ltr'>me.“</span> <span class='ocrx_word' id='word_1_7' title='bbox 854 495 939 560; x_wconf 85' lang='lat' dir='ltr'>Cum</span> <span class='ocrx_word' id='word_1_8' title='bbox 962 495 1118 578; x_wconf 86' lang='lat' dir='ltr'>Aninus&#39;)</span> <span class='ocrx_word' id='word_1_9' title='bbox 1143 497 1175 559; x_wconf 86' lang='lat' dir='ltr'>et</span> <span class='ocrx_word' id='word_1_10' title='bbox 1199 494 1278 558; x_wconf 92' lang='lat' dir='ltr'>socii</span> <span class='ocrx_word' id='word_1_11' title='bbox 1302 493 1372 557; x_wconf 91' lang='lat' dir='ltr'>eius</span> <span class='ocrx_word' id='word_1_12' title='bbox 1397 512 1470 556; x_wconf 88' lang='lat' dir='ltr'>eum</span> <span class='ocrx_word' id='word_1_13' title='bbox 1507 490 1563 578; x_wconf 82' lang='lat' dir='ltr'>[sc.</span> 
     </span>
     <span class='ocr_line' id='line_1_2' title="bbox 70 597 1563 685; baseline -0.001 -21"><span class='ocrx_word' id='word_1_14' title='bbox 70 601 232 665; x_wconf 86' lang='lat' dir='ltr'>Jacobum</span> <span class='ocrx_word' id='word_1_15' title='bbox 271 602 404 665; x_wconf 89' lang='lat' dir='ltr'>fratrem</span> <span class='ocrx_word' id='word_1_16' title='bbox 444 601 584 685; x_wconf 85' lang='lat' dir='ltr'><strong>Domini,</strong></span> <span class='ocrx_word' id='word_1_17' title='bbox 631 602 723 666; x_wconf 88' lang='lat' dir='ltr'>cuius</span> <span class='ocrx_word' id='word_1_18' title='bbox 762 603 804 667; x_wconf 90' lang='lat' dir='ltr'>ad</span> <span class='ocrx_word' id='word_1_19' title='bbox 840 604 984 685; x_wconf 82' lang='lat' dir='ltr'>priorem</span> <span class='ocrx_word' id='word_1_20' title='bbox 1018 601 1185 684; x_wconf 89' lang='lat' dir='ltr'>psalmum</span> <span class='ocrx_word' id='word_1_21' title='bbox 1219 601 1342 665; x_wconf 88' lang='lat' dir='ltr'>mentio</span> <span class='ocrx_word' id='word_1_22' title='bbox 1378 601 1467 664; x_wconf 87' lang='lat' dir='ltr'>facta</span> <span class='ocrx_word' id='word_1_23' title='bbox 1502 597 1563 684; x_wconf 75' lang='lat' dir='ltr'>est]</span> 
     </span>
    </p>
   </div>
   <div class='ocr_carea' id='block_1_2' title="bbox 71 708 847 792">
    <p class='ocr_par' dir='ltr' id='par_1_2' title="bbox 71 708 847 792">
     <span class='ocr_line' id='line_1_3' title="bbox 71 708 847 792; baseline 0.001 -19"><span class='ocrx_word' id='word_1_24' title='bbox 71 711 308 790; x_wconf 88' lang='lat' dir='ltr'>oppresserunt</span> <span class='ocrx_word' id='word_1_25' title='bbox 324 712 356 772; x_wconf 88' lang='lat' dir='ltr'>et</span> <span class='ocrx_word' id='word_1_26' title='bbox 373 709 541 772; x_wconf 84' lang='lat' dir='ltr'>deicerunt</span> <span class='ocrx_word' id='word_1_27' title='bbox 557 709 598 773; x_wconf 91' lang='lat' dir='ltr'>de</span> <span class='ocrx_word' id='word_1_28' title='bbox 614 708 716 774; x_wconf 88' lang='lat' dir='ltr'>latere</span> <span class='ocrx_word' id='word_1_29' title='bbox 732 710 847 792; x_wconf 82' lang='lat' dir='ltr'>templs</span> 
     </span>
    </p>
   </div>
   <div class='ocr_carea' id='block_1_3' title="bbox 69 804 1562 976">
    <p class='ocr_par' dir='ltr' id='par_1_3' title="bbox 69 804 1562 976">
     <span class='ocr_line' id='line_1_4' title="bbox 234 804 1562 888; baseline -0.002 -20"><span class='ocrx_word' id='word_1_30' title='bbox 234 819 378 869; x_wconf 83' lang='lat' dir='ltr'>Praeterea</span> <span class='ocrx_word' id='word_1_31' title='bbox 397 827 637 872; x_wconf 75' lang='lat' dir='ltr'><strong>commemorantur</strong></span> <span class='ocrx_word' id='word_1_32' title='bbox 655 804 1067 888; x_wconf 71' lang='lat' dir='ltr'>persecutionesimpustorum</span> <span class='ocrx_word' id='word_1_33' title='bbox 1086 819 1264 869; x_wconf 78' lang='lat' dir='ltr'>Romanorum</span> <span class='ocrx_word' id='word_1_34' title='bbox 1285 834 1370 882; x_wconf 76' lang='lat' dir='ltr'>usquo</span> <span class='ocrx_word' id='word_1_35' title='bbox 1395 816 1430 867; x_wconf 87' lang='lat' dir='ltr'>ad</span> <span class='ocrx_word' id='word_1_36' title='bbox 1457 815 1562 866; x_wconf 90' lang='lat' dir='ltr'>Diocle·</span> 
     </span>
     <span class='ocr_line' id='line_1_5' title="bbox 69 902 1434 976; baseline -0.001 -18"><span class='ocrx_word' id='word_1_37' title='bbox 69 911 182 971; x_wconf 81' lang='lat' dir='ltr'>timiam,</span> <span class='ocrx_word' id='word_1_38' title='bbox 201 909 349 974; x_wconf 87' lang='lat' dir='ltr'>baptismus</span> <span class='ocrx_word' id='word_1_39' title='bbox 376 907 553 970; x_wconf 76' lang='lat' dir='ltr'>Constantini,</span> <span class='ocrx_word' id='word_1_40' title='bbox 573 910 717 961; x_wconf 88' lang='lat' dir='ltr'>concilium</span> <span class='ocrx_word' id='word_1_41' title='bbox 737 911 893 974; x_wconf 70' lang='lat' dir='ltr'>Nicaeum,</span> <span class='ocrx_word' id='word_1_42' title='bbox 913 912 1039 962; x_wconf 75' lang='lat' dir='ltr'>Julianus</span> <span class='ocrx_word' id='word_1_43' title='bbox 1058 907 1137 976; x_wconf 80' lang='lat' dir='ltr'>lupus</span> <span class='ocrx_word' id='word_1_44' title='bbox 1155 924 1246 975; x_wconf 78' lang='lat' dir='ltr'>rapax,</span> <span class='ocrx_word' id='word_1_45' title='bbox 1265 902 1434 958; x_wconf 82' lang='lat' dir='ltr'>Joviniauus.</span> 
     </span>
    </p>
   </div>
   <div class='ocr_carea' id='block_1_4' title="bbox 70 989 1566 1401">
    <p class='ocr_par' dir='ltr' id='par_1_4' title="bbox 70 989 1566 1401">
     <span class='ocr_line' id='line_1_6' title="bbox 232 989 1566 1080; baseline -0.004 -22"><span class='ocrx_word' id='word_1_46' title='bbox 232 994 283 1059; x_wconf 86' lang='lat' dir='ltr'>Ps.</span> <span class='ocrx_word' id='word_1_47' title='bbox 311 994 374 1059; x_wconf 88' lang='grc'>140</span> <span class='ocrx_word' id='word_1_48' title='bbox 398 995 474 1080; x_wconf 88' lang='lat' dir='ltr'>(Lee</span> <span class='ocrx_word' id='word_1_49' title='bbox 501 995 587 1080; x_wconf 89' lang='grc'>141.)</span> <span class='ocrx_word' id='word_1_50' title='bbox 633 995 785 1076; x_wconf 71' lang='lat' dir='ltr'>„Dauniae</span> <span class='ocrx_word' id='word_1_51' title='bbox 806 997 940 1062; x_wconf 84' lang='lat' dir='ltr'>clamavi</span> <span class='ocrx_word' id='word_1_52' title='bbox 966 996 1011 1060; x_wconf 86' lang='lat' dir='ltr'>ad</span> <span class='ocrx_word' id='word_1_53' title='bbox 1040 998 1103 1058; x_wconf 86' lang='lat' dir='ltr'>le“.·</span> <span class='ocrx_word' id='word_1_54' title='bbox 1137 992 1291 1078; x_wconf 88' lang='lat' dir='ltr'>Synodus</span> <span class='ocrx_word' id='word_1_55' title='bbox 1322 1012 1389 1056; x_wconf 91' lang='lat' dir='ltr'>non</span> <span class='ocrx_word' id='word_1_56' title='bbox 1420 989 1566 1073; x_wconf 84' lang='lat' dir='ltr'>legitima</span> 
     </span>
     <span class='ocr_line' id='line_1_7' title="bbox 71 1097 1566 1190; baseline -0.005 -23"><span class='ocrx_word' id='word_1_57' title='bbox 71 1103 192 1185; x_wconf 84' lang='lat' dir='ltr'>Ephesi</span> <span class='ocrx_word' id='word_1_58' title='bbox 217 1100 354 1189; x_wconf 79' lang='lat' dir='ltr'>[habita]</span> <span class='ocrx_word' id='word_1_59' title='bbox 379 1107 527 1186; x_wconf 86' lang='lat' dir='ltr'>tempore</span> <span class='ocrx_word' id='word_1_60' title='bbox 550 1104 730 1170; x_wconf 87' lang='lat' dir='ltr'>Theodosii</span> <span class='ocrx_word' id='word_1_61' title='bbox 749 1107 980 1190; x_wconf 76' lang='lat' dir='ltr'>minorisque</span> <span class='ocrx_word' id='word_1_62' title='bbox 999 1103 1160 1169; x_wconf 84' lang='lat' dir='ltr'>Dominus</span> <span class='ocrx_word' id='word_1_63' title='bbox 1176 1100 1315 1184; x_wconf 78' lang='lat' dir='ltr'>Gyrillus</span> <span class='ocrx_word' id='word_1_64' title='bbox 1333 1097 1566 1162; x_wconf 87' lang='lat' dir='ltr'>condemnavit</span> 
     </span>
     <span class='ocr_line' id='line_1_8' title="bbox 70 1206 1566 1295; baseline -0.004 -21"><span class='ocrx_word' id='word_1_65' title='bbox 70 1210 292 1287; x_wconf 86' lang='lat' dir='ltr'>Nestorium‚“</span> <span class='ocrx_word' id='word_1_66' title='bbox 318 1207 395 1295; x_wconf 81' lang='lat' dir='ltr'>[qui]</span> <span class='ocrx_word' id='word_1_67' title='bbox 421 1231 441 1273; x_wconf 89' lang='lat' dir='ltr'>a</span> <span class='ocrx_word' id='word_1_68' title='bbox 464 1210 639 1276; x_wconf 90' lang='lat' dir='ltr'>Theodoro</span> <span class='ocrx_word' id='word_1_69' title='bbox 663 1212 836 1278; x_wconf 85' lang='lat' dir='ltr'>didicerat!</span> <span class='ocrx_word' id='word_1_70' title='bbox 862 1267 867 1278; x_wconf 94' lang='lat'>.</span> <span class='ocrx_word' id='word_1_71' title='bbox 892 1265 898 1279; x_wconf 93' lang='lat'>.</span> <span class='ocrx_word' id='word_1_72' title='bbox 924 1264 930 1279; x_wconf 93' lang='lat'><strong>.</strong></span> <span class='ocrx_word' id='word_1_73' title='bbox 956 1212 1101 1291; x_wconf 81' lang='lat' dir='ltr'>„Dicitur</span> <span class='ocrx_word' id='word_1_74' title='bbox 1125 1209 1211 1275; x_wconf 90' lang='lat' dir='ltr'>enim</span> <span class='ocrx_word' id='word_1_75' title='bbox 1236 1208 1335 1272; x_wconf 87' lang='lat' dir='ltr'>etiam</span> <span class='ocrx_word' id='word_1_76' title='bbox 1359 1206 1401 1270; x_wconf 89' lang='lat' dir='ltr'>ad</span> <span class='ocrx_word' id='word_1_77' title='bbox 1430 1206 1566 1269; x_wconf 88' lang='lat' dir='ltr'>daemo-</span> 
     </span>
     <span class='ocr_line' id='line_1_9' title="bbox 71 1310 1564 1401; baseline -0.003 -21"><span class='ocrx_word' id='word_1_78' title='bbox 71 1335 131 1381; x_wconf 89' lang='lat' dir='ltr'>ncs</span> <span class='ocrx_word' id='word_1_79' title='bbox 156 1316 341 1398; x_wconf 69' lang='lat' dir='ltr'>confugisse</span> <span class='ocrx_word' id='word_1_80' title='bbox 364 1316 501 1399; x_wconf 87' lang='lat' dir='ltr'>Cyrillus</span> <span class='ocrx_word' id='word_1_81' title='bbox 526 1322 562 1383; x_wconf 93' lang='lat' dir='ltr'>ul</span> <span class='ocrx_word' id='word_1_82' title='bbox 592 1324 763 1401; x_wconf 85' lang='lat' dir='ltr'>superaret</span> <span class='ocrx_word' id='word_1_83' title='bbox 795 1321 993 1385; x_wconf 82' lang='lat' dir='ltr'>Nestorium.</span> <span class='ocrx_word' id='word_1_84' title='bbox 1049 1319 1099 1383; x_wconf 20' lang='lat' dir='ltr'>Psi</span> <span class='ocrx_word' id='word_1_85' title='bbox 1159 1315 1201 1380; x_wconf 78' lang='lat'>42</span> <span class='ocrx_word' id='word_1_86' title='bbox 1235 1315 1311 1399; x_wconf 89' lang='lat' dir='ltr'>(Lce</span> <span class='ocrx_word' id='word_1_87' title='bbox 1345 1313 1423 1398; x_wconf 83' lang='lat'>141)</span> <span class='ocrx_word' id='word_1_88' title='bbox 1457 1310 1564 1386; x_wconf 74' lang='lat' dir='ltr'>„Voce</span> 
     </span>
    </p>
   </div>
   <div class='ocr_carea' id='block_1_5' title="bbox 69 1421 1252 1505">
    <p class='ocr_par' dir='ltr' id='par_1_5' title="bbox 69 1421 1252 1505">
     <span class='ocr_line' id='line_1_10' title="bbox 69 1421 1252 1505; baseline 0.001 -19"><span class='ocrx_word' id='word_1_89' title='bbox 69 1444 139 1488; x_wconf 77' lang='lat' dir='ltr'>osea</span> <span class='ocrx_word' id='word_1_90' title='bbox 161 1422 204 1485; x_wconf 88' lang='lat' dir='ltr'>ad</span> <span class='ocrx_word' id='word_1_91' title='bbox 225 1421 437 1489; x_wconf 82' lang='lat' dir='ltr'>Domioom“:</span> <span class='ocrx_word' id='word_1_92' title='bbox 463 1425 576 1490; x_wconf 88' lang='lat' dir='ltr'>Oratio</span> <span class='ocrx_word' id='word_1_93' title='bbox 601 1426 670 1490; x_wconf 91' lang='lat' dir='ltr'>eius</span> <span class='ocrx_word' id='word_1_94' title='bbox 689 1426 835 1492; x_wconf 79' lang='lat' dir='ltr'>&#39;Nestorii</span> <span class='ocrx_word' id='word_1_95' title='bbox 858 1428 892 1491; x_wconf 90' lang='lat' dir='ltr'>in</span> <span class='ocrx_word' id='word_1_96' title='bbox 916 1426 1046 1491; x_wconf 85' lang='lat' dir='ltr'>deserto</span> <span class='ocrx_word' id='word_1_97' title='bbox 1070 1423 1252 1505; x_wconf 67' lang='lat' dir='ltr'>Awasaeu.</span> 
     </span>
    </p>
   </div>
   <div class='ocr_carea' id='block_1_6' title="bbox 70 1526 1567 1687">
    <p class='ocr_par' dir='ltr' id='par_1_6' title="bbox 70 1526 1567 1687">
     <span class='ocr_line' id='line_1_11' title="bbox 234 1526 1567 1604; baseline -0.005 -20"><span class='ocrx_word' id='word_1_98' title='bbox 234 1536 357 1600; x_wconf 81' lang='lat' dir='ltr'>Denique</span> <span class='ocrx_word' id='word_1_99' title='bbox 377 1544 519 1602; x_wconf 74' lang='lat' dir='ltr'>sequentes</span> <span class='ocrx_word' id='word_1_100' title='bbox 539 1537 635 1602; x_wconf 87' lang='lat' dir='ltr'>psalmi</span> <span class='ocrx_word' id='word_1_101' title='bbox 654 1540 713 1604; x_wconf 84' lang='lat' dir='ltr'>typi</span> <span class='ocrx_word' id='word_1_102' title='bbox 732 1544 794 1589; x_wconf 72' lang='lat' dir='ltr'>sant</span> <span class='ocrx_word' id='word_1_103' title='bbox 823 1541 982 1590; x_wconf 68' lang='lat' dir='ltr'>certaminis</span> <span class='ocrx_word' id='word_1_104' title='bbox 1011 1538 1088 1588; x_wconf 81' lang='lat' dir='ltr'>Elios</span> <span class='ocrx_word' id='word_1_105' title='bbox 1117 1554 1176 1586; x_wconf 89' lang='lat' dir='ltr'>cum</span> <span class='ocrx_word' id='word_1_106' title='bbox 1208 1536 1263 1586; x_wconf 90' lang='lat' dir='ltr'>lilio</span> <span class='ocrx_word' id='word_1_107' title='bbox 1292 1533 1450 1599; x_wconf 79' lang='lat' dir='ltr'>prditiouis</span> <span class='ocrx_word' id='word_1_108' title='bbox 1480 1526 1567 1593; x_wconf 79' lang='lat' dir='ltr'>[lull-</span> 
     </span>
     <span class='ocr_line' id='line_1_12' title="bbox 70 1620 1016 1687; baseline 0.004 -12"><span class='ocrx_word' id='word_1_109' title='bbox 70 1620 190 1687; x_wconf 61' lang='lat' dir='ltr'>thristoL</span> <span class='ocrx_word' id='word_1_110' title='bbox 210 1626 315 1675; x_wconf 84' lang='lat' dir='ltr'>cantica</span> <span class='ocrx_word' id='word_1_111' title='bbox 335 1625 417 1674; x_wconf 68' lang='lat' dir='ltr'>tionis</span> <span class='ocrx_word' id='word_1_112' title='bbox 436 1635 463 1675; x_wconf 89' lang='lat' dir='ltr'>et</span> <span class='ocrx_word' id='word_1_113' title='bbox 481 1625 574 1677; x_wconf 83' lang='lat' dir='ltr'>Jsaiae</span> <span class='ocrx_word' id='word_1_114' title='bbox 593 1629 704 1677; x_wconf 83' lang='lat' dir='ltr'>extremi</span> <span class='ocrx_word' id='word_1_115' title='bbox 724 1627 828 1677; x_wconf 89' lang='lat' dir='ltr'>iudicii.</span> <span class='ocrx_word' id='word_1_116' title='bbox 866 1629 942 1679; x_wconf 76' lang='lat' dir='ltr'>Finis</span> <span class='ocrx_word' id='word_1_117' title='bbox 960 1636 1016 1679; x_wconf 82' lang='lat' dir='ltr'>eet:</span> 
     </span>
    </p>
   </div>
   <div class='ocr_carea' id='block_1_7' title="bbox 70 1701 1566 3191">
    <p class='ocr_par' dir='ltr' id='par_1_7' title="bbox 70 1701 1566 3191">
     <span class='ocr_line' id='line_1_13' title="bbox 235 1701 1566 1795; baseline -0.007 -22"><span class='ocrx_word' id='word_1_118' title='bbox 235 1711 297 1788; x_wconf 83' lang='lat' dir='ltr'>„ut</span> <span class='ocrx_word' id='word_1_119' title='bbox 320 1709 400 1795; x_wconf 72' lang='lat' dir='ltr'>hiel)</span> <span class='ocrx_word' id='word_1_120' title='bbox 425 1711 555 1793; x_wconf 81' lang='lat' dir='ltr'>explicit</span> <span class='ocrx_word' id='word_1_121' title='bbox 584 1731 692 1776; x_wconf 90' lang='lat' dir='ltr'>sermo</span> <span class='ocrx_word' id='word_1_122' title='bbox 727 1713 768 1776; x_wconf 88' lang='lat' dir='ltr'>de</span> <span class='ocrx_word' id='word_1_123' title='bbox 799 1713 1045 1778; x_wconf 81' lang='lat' dir='ltr'>laudationibus</span> <span class='ocrx_word' id='word_1_124' title='bbox 1078 1711 1232 1795; x_wconf 87' lang='lat' dir='ltr'>mysterio</span> <span class='ocrx_word' id='word_1_125' title='bbox 1267 1701 1566 1774; x_wconf 73' lang='lat' dir='ltr'>consummationis</span> 
     </span>
     <span class='ocr_line' id='line_1_14' title="bbox 70 1807 1562 1905; baseline -0.006 -24"><span class='ocrx_word' id='word_1_126' title='bbox 70 1817 182 1881; x_wconf 90' lang='lat' dir='ltr'>iudicii</span> <span class='ocrx_word' id='word_1_127' title='bbox 206 1821 239 1882; x_wconf 83' lang='lat' dir='ltr'>et</span> <span class='ocrx_word' id='word_1_128' title='bbox 262 1817 487 1883; x_wconf 88' lang='lat' dir='ltr'>retributionis</span> <span class='ocrx_word' id='word_1_129' title='bbox 512 1816 699 1905; x_wconf 65' lang='lat' dir='ltr'>[enarrant.</span> <span class='ocrx_word' id='word_1_130' title='bbox 755 1821 866 1902; x_wconf 79' lang='lat' dir='ltr'>Quam</span> <span class='ocrx_word' id='word_1_131' title='bbox 899 1821 943 1885; x_wconf 93' lang='lat' dir='ltr'>ob</span> <span class='ocrx_word' id='word_1_132' title='bbox 976 1840 1056 1899; x_wconf 88' lang='lat' dir='ltr'>rem,</span> <span class='ocrx_word' id='word_1_133' title='bbox 1089 1839 1109 1883; x_wconf 95' lang='lat' dir='ltr'>o</span> <span class='ocrx_word' id='word_1_134' title='bbox 1142 1818 1243 1883; x_wconf 86' lang='lat' dir='ltr'>irater</span> <span class='ocrx_word' id='word_1_135' title='bbox 1275 1820 1397 1896; x_wconf 87' lang='lat' dir='ltr'>noster,</span> <span class='ocrx_word' id='word_1_136' title='bbox 1432 1807 1562 1876; x_wconf 85' lang='lat' dir='ltr'>etiamsi</span> 
     </span>
     <span class='ocr_line' id='line_1_15' title="bbox 70 1919 1565 2013; baseline -0.005 -26"><span class='ocrx_word' id='word_1_137' title='bbox 70 1924 191 2006; x_wconf 86' lang='lat' dir='ltr'>psalmi</span> <span class='ocrx_word' id='word_1_138' title='bbox 216 1924 259 1988; x_wconf 92' lang='lat' dir='ltr'>ad</span> <span class='ocrx_word' id='word_1_139' title='bbox 282 1923 361 1987; x_wconf 92' lang='lat' dir='ltr'>illud</span> <span class='ocrx_word' id='word_1_140' title='bbox 385 1924 652 2006; x_wconf 85' lang='lat' dir='ltr'>significandum,</span> <span class='ocrx_word' id='word_1_141' title='bbox 678 1927 720 1992; x_wconf 87' lang='lat' dir='ltr'>ad</span> <span class='ocrx_word' id='word_1_142' title='bbox 744 1928 835 2010; x_wconf 93' lang='lat' dir='ltr'>quod</span> <span class='ocrx_word' id='word_1_143' title='bbox 860 1927 894 2011; x_wconf 89' lang='lat' dir='ltr'>[a</span> <span class='ocrx_word' id='word_1_144' title='bbox 918 1924 984 2013; x_wconf 89' lang='lat' dir='ltr'>me]</span> <span class='ocrx_word' id='word_1_145' title='bbox 1010 1926 1103 1991; x_wconf 87' lang='lat' dir='ltr'>relati</span> <span class='ocrx_word' id='word_1_146' title='bbox 1127 1928 1214 2002; x_wconf 79' lang='lat' dir='ltr'>sunt,</span> <span class='ocrx_word' id='word_1_147' title='bbox 1248 1922 1360 2004; x_wconf 88' lang='lat' dir='ltr'>scripti</span> <span class='ocrx_word' id='word_1_148' title='bbox 1383 1939 1452 1984; x_wconf 91' lang='lat' dir='ltr'>non</span> <span class='ocrx_word' id='word_1_149' title='bbox 1477 1919 1565 1993; x_wconf 73' lang='lat' dir='ltr'>sunt,</span> 
     </span>
     <span class='ocr_line' id='line_1_16' title="bbox 71 2029 1566 2119; baseline -0.005 -24"><span class='ocrx_word' id='word_1_150' title='bbox 71 2037 104 2096; x_wconf 90' lang='lat' dir='ltr'>ct</span> <span class='ocrx_word' id='word_1_151' title='bbox 129 2032 290 2113; x_wconf 84' lang='lat' dir='ltr'>expositio</span> <span class='ocrx_word' id='word_1_152' title='bbox 315 2051 354 2095; x_wconf 89' lang='lat' dir='ltr'>ex</span> <span class='ocrx_word' id='word_1_153' title='bbox 377 2035 472 2113; x_wconf 86' lang='lat' dir='ltr'>parte</span> <span class='ocrx_word' id='word_1_154' title='bbox 497 2030 654 2119; x_wconf 86' lang='lat' dir='ltr'>[tautum]</span> <span class='ocrx_word' id='word_1_155' title='bbox 680 2035 830 2099; x_wconf 87' lang='lat' dir='ltr'>convenit</span> <span class='ocrx_word' id='word_1_156' title='bbox 856 2035 991 2099; x_wconf 87' lang='lat' dir='ltr'>adrem</span> <span class='ocrx_word' id='word_1_157' title='bbox 1015 2053 1122 2116; x_wconf 92' lang='lat' dir='ltr'>neque</span> <span class='ocrx_word' id='word_1_158' title='bbox 1146 2052 1223 2096; x_wconf 88' lang='lat' dir='ltr'>vero</span> <span class='ocrx_word' id='word_1_159' title='bbox 1247 2032 1280 2096; x_wconf 90' lang='lat' dir='ltr'>iu</span> <span class='ocrx_word' id='word_1_160' title='bbox 1304 2029 1394 2094; x_wconf 91' lang='lat' dir='ltr'>omni</span> <span class='ocrx_word' id='word_1_161' title='bbox 1410 2047 1445 2092; x_wconf 90' lang='lat' dir='ltr'>re</span> <span class='ocrx_word' id='word_1_162' title='bbox 1465 2030 1566 2107; x_wconf 83' lang='lat' dir='ltr'>atque</span> 
     </span>
     <span class='ocr_line' id='line_1_17' title="bbox 71 2134 1565 2227; baseline -0.005 -23"><span class='ocrx_word' id='word_1_163' title='bbox 71 2139 202 2204; x_wconf 87' lang='lat' dir='ltr'>etiamsi</span> <span class='ocrx_word' id='word_1_164' title='bbox 226 2139 270 2202; x_wconf 95' lang='lat' dir='ltr'>illi</span> <span class='ocrx_word' id='word_1_165' title='bbox 294 2139 416 2221; x_wconf 82' lang='lat' dir='ltr'>psalmi</span> <span class='ocrx_word' id='word_1_166' title='bbox 439 2158 506 2204; x_wconf 90' lang='lat' dir='ltr'>non</span> <span class='ocrx_word' id='word_1_167' title='bbox 531 2160 630 2204; x_wconf 88' lang='lat' dir='ltr'>sensu</span> <span class='ocrx_word' id='word_1_168' title='bbox 655 2139 841 2227; x_wconf 66' lang='lat' dir='ltr'>[propriolli</span> <span class='ocrx_word' id='word_1_169' title='bbox 865 2143 964 2224; x_wconf 90' lang='lat' dir='ltr'>positi</span> <span class='ocrx_word' id='word_1_170' title='bbox 988 2145 1076 2217; x_wconf 82' lang='lat' dir='ltr'>sunt,</span> <span class='ocrx_word' id='word_1_171' title='bbox 1100 2144 1212 2205; x_wconf 86' lang='lat' dir='ltr'>tamen</span> <span class='ocrx_word' id='word_1_172' title='bbox 1235 2140 1268 2214; x_wconf 82' lang='lat' dir='ltr'>ii,</span> <span class='ocrx_word' id='word_1_173' title='bbox 1292 2137 1348 2219; x_wconf 91' lang='lat' dir='ltr'>qui</span> <span class='ocrx_word' id='word_1_174' title='bbox 1372 2139 1430 2200; x_wconf 87' lang='lat' dir='ltr'>eos</span> <span class='ocrx_word' id='word_1_175' title='bbox 1453 2134 1565 2214; x_wconf 89' lang='lat' dir='ltr'>dispo-</span> 
     </span>
     <span class='ocr_line' id='line_1_18' title="bbox 73 2240 1564 2330; baseline -0.005 -20"><span class='ocrx_word' id='word_1_176' title='bbox 73 2250 222 2324; x_wconf 84' lang='lat' dir='ltr'>suerunt,</span> <span class='ocrx_word' id='word_1_177' title='bbox 271 2247 356 2311; x_wconf 87' lang='lat' dir='ltr'>hanc</span> <span class='ocrx_word' id='word_1_178' title='bbox 403 2247 677 2329; x_wconf 83' lang='lat' dir='ltr'>significationem</span> <span class='ocrx_word' id='word_1_179' title='bbox 723 2250 762 2312; x_wconf 90' lang='lat' dir='ltr'>iis</span> <span class='ocrx_word' id='word_1_180' title='bbox 809 2249 1021 2313; x_wconf 86' lang='lat' dir='ltr'>subiecerunt</span> <span class='ocrx_word' id='word_1_181' title='bbox 1059 2267 1163 2330; x_wconf 85' lang='lat' dir='ltr'>eaque</span> <span class='ocrx_word' id='word_1_182' title='bbox 1201 2249 1300 2329; x_wconf 87' lang='lat' dir='ltr'>prout</span> <span class='ocrx_word' id='word_1_183' title='bbox 1339 2244 1429 2308; x_wconf 88' lang='lat' dir='ltr'>dedit</span> <span class='ocrx_word' id='word_1_184' title='bbox 1468 2240 1564 2305; x_wconf 91' lang='lat' dir='ltr'>nobis</span> 
     </span>
     <span class='ocr_line' id='line_1_19' title="bbox 71 2346 1565 2442; baseline -0.004 -25"><span class='ocrx_word' id='word_1_185' title='bbox 71 2352 183 2441; x_wconf 76' lang='lat' dir='ltr'>[Deus]</span> <span class='ocrx_word' id='word_1_186' title='bbox 231 2351 414 2440; x_wconf 71' lang='lat' dir='ltr'>virtuteml)</span> <span class='ocrx_word' id='word_1_187' title='bbox 462 2355 703 2442; x_wconf 72' lang='lat' dir='ltr'>exposuimusl)</span> <span class='ocrx_word' id='word_1_188' title='bbox 758 2358 830 2421; x_wconf 90' lang='lat' dir='ltr'>Deo</span> <span class='ocrx_word' id='word_1_189' title='bbox 878 2360 989 2421; x_wconf 86' lang='lat' dir='ltr'>autem</span> <span class='ocrx_word' id='word_1_190' title='bbox 1040 2354 1178 2420; x_wconf 72' lang='lat' dir='ltr'>creatori</span> <span class='ocrx_word' id='word_1_191' title='bbox 1223 2355 1371 2427; x_wconf 84' lang='lat' dir='ltr'>naturae,</span> <span class='ocrx_word' id='word_1_192' title='bbox 1418 2350 1462 2413; x_wconf 93' lang='lat' dir='ltr'>illi</span> <span class='ocrx_word' id='word_1_193' title='bbox 1509 2346 1565 2429; x_wconf 92' lang='lat' dir='ltr'>qui</span> 
     </span>
     <span class='ocr_line' id='line_1_20' title="bbox 72 2456 1566 2550; baseline -0.005 -26"><span class='ocrx_word' id='word_1_194' title='bbox 72 2461 241 2525; x_wconf 85' lang='lat' dir='ltr'>coniunxit</span> <span class='ocrx_word' id='word_1_195' title='bbox 286 2461 455 2526; x_wconf 89' lang='lat' dir='ltr'>hominem</span> <span class='ocrx_word' id='word_1_196' title='bbox 501 2483 575 2526; x_wconf 92' lang='lat' dir='ltr'>cum</span> <span class='ocrx_word' id='word_1_197' title='bbox 623 2461 840 2550; x_wconf 80' lang='lat' dir='ltr'>[substantiis]</span> <span class='ocrx_word' id='word_1_198' title='bbox 888 2464 1080 2546; x_wconf 89' lang='lat' dir='ltr'>compositis</span> <span class='ocrx_word' id='word_1_199' title='bbox 1127 2466 1160 2527; x_wconf 91' lang='lat' dir='ltr'>el.</span> <span class='ocrx_word' id='word_1_200' title='bbox 1206 2456 1410 2541; x_wconf 90' lang='lat' dir='ltr'>simplicibus</span> <span class='ocrx_word' id='word_1_201' title='bbox 1457 2458 1490 2519; x_wconf 87' lang='lat' dir='ltr'>et</span> <span class='ocrx_word' id='word_1_202' title='bbox 1525 2473 1566 2518; x_wconf 89' lang='lat' dir='ltr'>ex</span> 
     </span>
     <span class='ocr_line' id='line_1_21' title="bbox 70 2564 1566 2655; baseline -0.005 -24"><span class='ocrx_word' id='word_1_203' title='bbox 70 2572 212 2651; x_wconf 87' lang='lat' dir='ltr'>utroque</span> <span class='ocrx_word' id='word_1_204' title='bbox 248 2569 362 2633; x_wconf 88' lang='lat' dir='ltr'>ordine</span> <span class='ocrx_word' id='word_1_205' title='bbox 398 2571 568 2635; x_wconf 86' lang='lat' dir='ltr'>constituit</span> <span class='ocrx_word' id='word_1_206' title='bbox 603 2590 704 2636; x_wconf 84' lang='lat' dir='ltr'>uuam</span> <span class='ocrx_word' id='word_1_207' title='bbox 743 2591 934 2655; x_wconf 85' lang='lat' dir='ltr'>persuum,</span> <span class='ocrx_word' id='word_1_208' title='bbox 973 2591 1059 2654; x_wconf 88' lang='lat' dir='ltr'>quae</span> <span class='ocrx_word' id='word_1_209' title='bbox 1105 2568 1271 2649; x_wconf 84' lang='lat' dir='ltr'>coniungit</span> <span class='ocrx_word' id='word_1_210' title='bbox 1318 2569 1494 2644; x_wconf 86' lang='lat' dir='ltr'>utrumque</span> <span class='ocrx_word' id='word_1_211' title='bbox 1533 2564 1566 2625; x_wconf 91' lang='lat' dir='ltr'>et</span> 
     </span>
     <span class='ocr_line' id='line_1_22' title="bbox 72 2667 1565 2764; baseline -0.005 -26"><span class='ocrx_word' id='word_1_212' title='bbox 72 2694 159 2758; x_wconf 85' lang='lat' dir='ltr'>quae</span> <span class='ocrx_word' id='word_1_213' title='bbox 200 2676 232 2740; x_wconf 90' lang='lat' dir='ltr'>in</span> <span class='ocrx_word' id='word_1_214' title='bbox 272 2677 501 2741; x_wconf 85' lang='lat' dir='ltr'>coniunctione</span> <span class='ocrx_word' id='word_1_215' title='bbox 544 2676 674 2763; x_wconf 75' lang='lat' dir='ltr'>[natura</span> <span class='ocrx_word' id='word_1_216' title='bbox 723 2699 784 2743; x_wconf 90' lang='lat' dir='ltr'>sua</span> <span class='ocrx_word' id='word_1_217' title='bbox 829 2677 1023 2764; x_wconf 81' lang='lat' dir='ltr'>composita]</span> <span class='ocrx_word' id='word_1_218' title='bbox 1069 2698 1104 2742; x_wconf 93' lang='lat' dir='ltr'>se</span> <span class='ocrx_word' id='word_1_219' title='bbox 1150 2676 1232 2758; x_wconf 79' lang='lat' dir='ltr'>gerit</span> <span class='ocrx_word' id='word_1_220' title='bbox 1277 2673 1366 2738; x_wconf 89' lang='lat' dir='ltr'>velut</span> <span class='ocrx_word' id='word_1_221' title='bbox 1409 2667 1565 2735; x_wconf 88' lang='lat' dir='ltr'>animalia</span> 
     </span>
     <span class='ocr_line' id='line_1_23' title="bbox 74 2776 1566 2868; baseline -0.005 -22"><span class='ocrx_word' id='word_1_222' title='bbox 74 2787 107 2847; x_wconf 86' lang='lat' dir='ltr'>ot</span> <span class='ocrx_word' id='word_1_223' title='bbox 131 2783 281 2865; x_wconf 83' lang='lat' dir='ltr'>iutelligit</span> <span class='ocrx_word' id='word_1_224' title='bbox 303 2784 358 2848; x_wconf 84' lang='lat' dir='ltr'>illa</span> <span class='ocrx_word' id='word_1_225' title='bbox 391 2804 452 2848; x_wconf 87' lang='lat' dir='ltr'>sua</span> <span class='ocrx_word' id='word_1_226' title='bbox 484 2786 621 2866; x_wconf 90' lang='lat' dir='ltr'>propria</span> <span class='ocrx_word' id='word_1_227' title='bbox 652 2787 736 2850; x_wconf 89' lang='lat' dir='ltr'>sicut</span> <span class='ocrx_word' id='word_1_228' title='bbox 771 2787 905 2868; x_wconf 89' lang='lat' dir='ltr'>spiritus</span> <span class='ocrx_word' id='word_1_229' title='bbox 941 2787 1070 2850; x_wconf 85' lang='lat' dir='ltr'>ratione</span> <span class='ocrx_word' id='word_1_230' title='bbox 1104 2783 1244 2868; x_wconf 86' lang='lat' dir='ltr'>praediti</span> <span class='ocrx_word' id='word_1_231' title='bbox 1283 2784 1315 2845; x_wconf 82' lang='lat' dir='ltr'>et</span> <span class='ocrx_word' id='word_1_232' title='bbox 1342 2780 1435 2861; x_wconf 85' lang='lat' dir='ltr'>lingit</span> <span class='ocrx_word' id='word_1_233' title='bbox 1470 2776 1566 2841; x_wconf 91' lang='lat' dir='ltr'>mori·</span> 
     </span>
     <span class='ocr_line' id='line_1_24' title="bbox 75 2882 1565 2975; baseline -0.005 -21"><span class='ocrx_word' id='word_1_234' title='bbox 75 2891 138 2954; x_wconf 92' lang='lat' dir='ltr'>bus</span> <span class='ocrx_word' id='word_1_235' title='bbox 174 2891 241 2954; x_wconf 89' lang='lat' dir='ltr'>suis</span> <span class='ocrx_word' id='word_1_236' title='bbox 276 2910 315 2954; x_wconf 88' lang='lat' dir='ltr'>ea</span> <span class='ocrx_word' id='word_1_237' title='bbox 348 2912 433 2973; x_wconf 84' lang='lat' dir='ltr'>quae</span> <span class='ocrx_word' id='word_1_238' title='bbox 468 2893 707 2974; x_wconf 87' lang='lat' dir='ltr'>praeterierunt</span> <span class='ocrx_word' id='word_1_239' title='bbox 747 2898 778 2957; x_wconf 87' lang='lat' dir='ltr'>et</span> <span class='ocrx_word' id='word_1_240' title='bbox 819 2914 859 2957; x_wconf 84' lang='lat' dir='ltr'>ea</span> <span class='ocrx_word' id='word_1_241' title='bbox 889 2913 975 2975; x_wconf 88' lang='lat' dir='ltr'>quae</span> <span class='ocrx_word' id='word_1_242' title='bbox 1012 2892 1123 2957; x_wconf 86' lang='lat' dir='ltr'>lutura</span> <span class='ocrx_word' id='word_1_243' title='bbox 1157 2888 1237 2955; x_wconf 83' lang='lat' dir='ltr'>suut</span> <span class='ocrx_word' id='word_1_244' title='bbox 1267 2895 1299 2955; x_wconf 90' lang='lat' dir='ltr'>et</span> <span class='ocrx_word' id='word_1_245' title='bbox 1330 2907 1415 2973; x_wconf 89' lang='lat' dir='ltr'>quae</span> <span class='ocrx_word' id='word_1_246' title='bbox 1448 2882 1565 2948; x_wconf 89' lang='lat' dir='ltr'>similis</span> 
     </span>
     <span class='ocr_line' id='line_1_25' title="bbox 74 2993 1565 3086; baseline -0.005 -25"><span class='ocrx_word' id='word_1_247' title='bbox 74 3001 124 3062; x_wconf 86' lang='lat' dir='ltr'>est</span> <span class='ocrx_word' id='word_1_248' title='bbox 156 2999 294 3062; x_wconf 87' lang='lat' dir='ltr'>creatori</span> <span class='ocrx_word' id='word_1_249' title='bbox 328 3019 388 3062; x_wconf 93' lang='lat' dir='ltr'>suo</span> <span class='ocrx_word' id='word_1_250' title='bbox 421 3000 558 3064; x_wconf 85' lang='lat' dir='ltr'>scientia</span> <span class='ocrx_word' id='word_1_251' title='bbox 591 3001 669 3064; x_wconf 91' lang='lat' dir='ltr'>boui</span> <span class='ocrx_word' id='word_1_252' title='bbox 693 3005 725 3065; x_wconf 87' lang='lat' dir='ltr'>et</span> <span class='ocrx_word' id='word_1_253' title='bbox 748 3002 825 3065; x_wconf 87' lang='lat' dir='ltr'>mali</span> <span class='ocrx_word' id='word_1_254' title='bbox 850 3005 882 3065; x_wconf 88' lang='lat' dir='ltr'>et</span> <span class='ocrx_word' id='word_1_255' title='bbox 905 3021 1003 3084; x_wconf 90' lang='lat' dir='ltr'>quem</span> <span class='ocrx_word' id='word_1_256' title='bbox 1028 2999 1082 3086; x_wconf 77' lang='lat' dir='ltr'>[sc.</span> <span class='ocrx_word' id='word_1_257' title='bbox 1106 2997 1284 3085; x_wconf 71' lang='lat' dir='ltr'>honinem]</span> <span class='ocrx_word' id='word_1_258' title='bbox 1302 3017 1377 3062; x_wconf 90' lang='lat' dir='ltr'>cum</span> <span class='ocrx_word' id='word_1_259' title='bbox 1395 2993 1565 3058; x_wconf 84' lang='lat' dir='ltr'>cecidisset</span> 
     </span>
     <span class='ocr_line' id='line_1_26' title="bbox 72 3096 1563 3191; baseline -0.004 -23"><span class='ocrx_word' id='word_1_260' title='bbox 72 3106 105 3169; x_wconf 89' lang='lat' dir='ltr'>in</span> <span class='ocrx_word' id='word_1_261' title='bbox 129 3105 288 3188; x_wconf 88' lang='lat' dir='ltr'>principio</span> <span class='ocrx_word' id='word_1_262' title='bbox 313 3107 482 3171; x_wconf 82' lang='lat' dir='ltr'>voluntate</span> <span class='ocrx_word' id='word_1_263' title='bbox 506 3127 567 3175; x_wconf 87' lang='lat' dir='ltr'>sua</span> <span class='ocrx_word' id='word_1_264' title='bbox 590 3109 665 3173; x_wconf 83' lang='lat' dir='ltr'>laxa</span> <span class='ocrx_word' id='word_1_265' title='bbox 690 3129 748 3191; x_wconf 93' lang='lat' dir='ltr'>pcr</span> <span class='ocrx_word' id='word_1_266' title='bbox 771 3109 875 3173; x_wconf 89' lang='lat' dir='ltr'>filium</span> <span class='ocrx_word' id='word_1_267' title='bbox 899 3128 996 3174; x_wconf 90' lang='lat' dir='ltr'>suum</span> <span class='ocrx_word' id='word_1_268' title='bbox 1022 3108 1189 3186; x_wconf 85' lang='lat' dir='ltr'>dilectum,</span> <span class='ocrx_word' id='word_1_269' title='bbox 1215 3106 1352 3170; x_wconf 88' lang='lat' dir='ltr'>verbum</span> <span class='ocrx_word' id='word_1_270' title='bbox 1377 3121 1475 3168; x_wconf 90' lang='lat' dir='ltr'>suum</span> <span class='ocrx_word' id='word_1_271' title='bbox 1512 3096 1563 3163; x_wconf 92' lang='lat' dir='ltr'>cui</span> 
     </span>
    </p>
   </div>
   <div class='ocr_carea' id='block_1_8' title="bbox 71 3442 1564 4234">
    <p class='ocr_par' dir='ltr' id='par_1_8' title="bbox 71 3442 1564 3696">
     <span class='ocr_line' id='line_1_27' title="bbox 232 3442 1555 3519; baseline -0.002 -18"><span class='ocrx_word' id='word_1_272' title='bbox 232 3443 253 3512; x_wconf 86' lang='lat'>¹)</span> <span class='ocrx_word' id='word_1_273' title='bbox 274 3449 387 3501; x_wconf 74' lang='lat' dir='ltr'>Melius:</span> <span class='ocrx_word' id='word_1_274' title='bbox 407 3447 563 3511; x_wconf 79' lang='lat' dir='ltr'>‚‚Ananus.“</span> <span class='ocrx_word' id='word_1_275' title='bbox 602 3450 655 3501; x_wconf 73' lang='lat' dir='ltr'>cte.</span> <span class='ocrx_word' id='word_1_276' title='bbox 675 3450 788 3518; x_wconf 82' lang='lat' dir='ltr'>Josephi</span> <span class='ocrx_word' id='word_1_277' title='bbox 808 3449 991 3519; x_wconf 71' lang='lat' dir='ltr'>Antiquitetes</span> <span class='ocrx_word' id='word_1_278' title='bbox 1016 3454 1114 3516; x_wconf 75' lang='lat' dir='ltr'>20,9,l.</span> <span class='ocrx_word' id='word_1_279' title='bbox 1140 3451 1181 3503; x_wconf 89' lang='lat' dir='ltr'>ed.</span> <span class='ocrx_word' id='word_1_280' title='bbox 1208 3451 1297 3511; x_wconf 82' lang='lat' dir='ltr'>Niese,</span> <span class='ocrx_word' id='word_1_281' title='bbox 1329 3444 1447 3498; x_wconf 77' lang='lat' dir='ltr'>berolini</span> <span class='ocrx_word' id='word_1_282' title='bbox 1479 3442 1555 3492; x_wconf 77' lang='lat'>1891·</span> 
     </span>
     <span class='ocr_line' id='line_1_28' title="bbox 72 3519 1564 3606; baseline 0 -17"><span class='ocrx_word' id='word_1_283' title='bbox 72 3540 162 3604; x_wconf 86' lang='lat' dir='ltr'>Opera</span> <span class='ocrx_word' id='word_1_284' title='bbox 181 3539 222 3589; x_wconf 86' lang='lat' dir='ltr'>ed.</span> <span class='ocrx_word' id='word_1_285' title='bbox 241 3540 323 3591; x_wconf 81' lang='lat' dir='ltr'>Nicea</span> <span class='ocrx_word' id='word_1_286' title='bbox 342 3524 396 3591; x_wconf 84' lang='lat' dir='ltr'>vol.</span> <span class='ocrx_word' id='word_1_287' title='bbox 416 3542 453 3590; x_wconf 91' lang='lat' dir='ltr'>lV</span> <span class='ocrx_word' id='word_1_288' title='bbox 474 3542 592 3592; x_wconf 88' lang='lat' dir='ltr'>Berolini</span> <span class='ocrx_word' id='word_1_289' title='bbox 615 3544 683 3593; x_wconf 73' lang='lat'>1890</span> <span class='ocrx_word' id='word_1_290' title='bbox 701 3559 728 3606; x_wconf 85' lang='lat' dir='ltr'>p.</span> <span class='ocrx_word' id='word_1_291' title='bbox 747 3543 809 3594; x_wconf 77' lang='lat'><strong>309.</strong></span> <span class='ocrx_word' id='word_1_292' title='bbox 847 3542 983 3594; x_wconf 83' lang='lat' dir='ltr'>Eusebius</span> <span class='ocrx_word' id='word_1_293' title='bbox 996 3542 1112 3594; x_wconf 81' lang='lat' dir='ltr'>historie</span> <span class='ocrx_word' id='word_1_294' title='bbox 1126 3541 1313 3593; x_wconf 84' lang='lat' dir='ltr'>ecclesiastica</span> <span class='ocrx_word' id='word_1_295' title='bbox 1327 3532 1352 3584; x_wconf 91' lang='lat' dir='ltr'>ll</span> <span class='ocrx_word' id='word_1_296' title='bbox 1365 3536 1399 3584; x_wconf 67' lang='lat'>23</span> <span class='ocrx_word' id='word_1_297' title='bbox 1422 3519 1564 3589; x_wconf 71' lang='lat' dir='ltr'>&#39;Aeaeos</span> 
     </span>
     <span class='ocr_line' id='line_1_29' title="bbox 71 3619 1564 3696; baseline -0.003 -18"><span class='ocrx_word' id='word_1_298' title='bbox 71 3628 123 3678; x_wconf 78' lang='lat' dir='ltr'>Ed.</span> <span class='ocrx_word' id='word_1_299' title='bbox 144 3629 263 3693; x_wconf 79' lang='lat' dir='ltr'>syriaca:</span> <span class='ocrx_word' id='word_1_300' title='bbox 282 3621 427 3679; x_wconf 79' lang='lat' dir='ltr'>L&#39;bistoire</span> <span class='ocrx_word' id='word_1_301' title='bbox 447 3629 652 3696; x_wconf 77' lang='lat' dir='ltr'>ecc&#39;dsinstique</span> <span class='ocrx_word' id='word_1_302' title='bbox 672 3623 698 3681; x_wconf 83' lang='lat' dir='ltr'>d&#39;</span> <span class='ocrx_word' id='word_1_303' title='bbox 717 3629 823 3682; x_wconf 66' lang='lat' dir='ltr'>uuum</span> <span class='ocrx_word' id='word_1_304' title='bbox 844 3630 876 3682; x_wconf 89' lang='lat' dir='ltr'>de</span> <span class='ocrx_word' id='word_1_305' title='bbox 897 3629 1010 3682; x_wconf 77' lang='lat' dir='ltr'>Cdsauie</span> <span class='ocrx_word' id='word_1_306' title='bbox 1024 3630 1065 3681; x_wconf 91' lang='lat' dir='ltr'>ed.</span> <span class='ocrx_word' id='word_1_307' title='bbox 1082 3631 1192 3696; x_wconf 79' lang='lat' dir='ltr'>ltedjan.</span> <span class='ocrx_word' id='word_1_308' title='bbox 1222 3630 1297 3681; x_wconf 77' lang='lat' dir='ltr'>Paris</span> <span class='ocrx_word' id='word_1_309' title='bbox 1314 3628 1379 3680; x_wconf 76' lang='lat'>1897</span> <span class='ocrx_word' id='word_1_310' title='bbox 1394 3647 1419 3694; x_wconf 88' lang='lat' dir='ltr'>p.</span> <span class='ocrx_word' id='word_1_311' title='bbox 1436 3626 1489 3676; x_wconf 83' lang='lat' dir='ltr'>rm</span> <span class='ocrx_word' id='word_1_312' title='bbox 1502 3622 1523 3672; x_wconf 90' lang='lat' dir='ltr'>l.</span> <span class='ocrx_word' id='word_1_313' title='bbox 1537 3619 1564 3668; x_wconf 79' lang='lat'>3·</span> 
     </span>
    </p>

    <p class='ocr_par' dir='ltr' id='par_1_9' title="bbox 72 3703 1564 3876">
     <span class='ocr_line' id='line_1_30' title="bbox 232 3703 1564 3786; baseline -0.005 -20"><span class='ocrx_word' id='word_1_314' title='bbox 232 3711 253 3778; x_wconf 79' lang='lat'>¹)</span> <span class='ocrx_word' id='word_1_315' title='bbox 273 3703 397 3776; x_wconf 60' lang='lat' dir='ltr'>a&#39;anlg</span> <span class='ocrx_word' id='word_1_316' title='bbox 416 3722 443 3769; x_wconf 91' lang='lat' dir='ltr'>in</span> <span class='ocrx_word' id='word_1_317' title='bbox 463 3720 576 3782; x_wconf 83' lang='lat' dir='ltr'>deserto,</span> <span class='ocrx_word' id='word_1_318' title='bbox 597 3719 666 3785; x_wconf 90' lang='lat' dir='ltr'>quod</span> <span class='ocrx_word' id='word_1_319' title='bbox 686 3719 775 3771; x_wconf 82' lang='lat' dir='ltr'>estad</span> <span class='ocrx_word' id='word_1_320' title='bbox 794 3719 960 3771; x_wconf 89' lang='lat' dir='ltr'>occidentem</span> <span class='ocrx_word' id='word_1_321' title='bbox 982 3722 1099 3786; x_wconf 77' lang='lat' dir='ltr'>Aegypti</span> <span class='ocrx_word' id='word_1_322' title='bbox 1124 3722 1185 3771; x_wconf 84' lang='lat' dir='ltr'>sits.</span> <span class='ocrx_word' id='word_1_323' title='bbox 1223 3720 1367 3786; x_wconf 71' lang='lat' dir='ltr'>Euagrius,</span> <span class='ocrx_word' id='word_1_324' title='bbox 1387 3718 1449 3769; x_wconf 87' lang='lat' dir='ltr'>hist.</span> <span class='ocrx_word' id='word_1_325' title='bbox 1475 3708 1564 3764; x_wconf 72' lang='lat' dir='ltr'>tecle·</span> 
     </span>
     <span class='ocr_line' id='line_1_31' title="bbox 72 3801 965 3876; baseline 0 -16"><span class='ocrx_word' id='word_1_326' title='bbox 72 3809 185 3860; x_wconf 74' lang='lat' dir='ltr'>siastics</span> <span class='ocrx_word' id='word_1_327' title='bbox 203 3806 220 3858; x_wconf 90' lang='lat' dir='ltr'>l.</span> <span class='ocrx_word' id='word_1_328' title='bbox 240 3802 256 3856; x_wconf 93' lang='grc' dir='ltr'>Ι</span> <span class='ocrx_word' id='word_1_329' title='bbox 275 3824 333 3873; x_wconf 86' lang='lat' dir='ltr'>rap.</span> <span class='ocrx_word' id='word_1_330' title='bbox 355 3809 379 3858; x_wconf 86' lang='grc'>7.</span> <span class='ocrx_word' id='word_1_331' title='bbox 399 3807 510 3874; x_wconf 81' lang='lat' dir='ltr'>(lligue,</span> <span class='ocrx_word' id='word_1_332' title='bbox 530 3825 580 3860; x_wconf 86' lang='lat' dir='ltr'>ser.</span> <span class='ocrx_word' id='word_1_333' title='bbox 601 3809 639 3860; x_wconf 86' lang='lat' dir='ltr'>Gr</span> <span class='ocrx_word' id='word_1_334' title='bbox 666 3815 684 3859; x_wconf 89' lang='lat' dir='ltr'>t.</span> <span class='ocrx_word' id='word_1_335' title='bbox 705 3801 753 3859; x_wconf 79' lang='lat'>86²</span> <span class='ocrx_word' id='word_1_336' title='bbox 771 3809 820 3859; x_wconf 91' lang='lat' dir='ltr'>col.</span> <span class='ocrx_word' id='word_1_337' title='bbox 841 3811 893 3859; x_wconf 72' lang='lat' dir='ltr'>alu</span> <span class='ocrx_word' id='word_1_338' title='bbox 913 3804 965 3876; x_wconf 82' lang='lat' dir='ltr'>sq)</span> 
     </span>
    </p>

    <p class='ocr_par' dir='ltr' id='par_1_10' title="bbox 233 3891 467 3961">
     <span class='ocr_line' id='line_1_32' title="bbox 233 3891 467 3961; baseline 0.004 -14"><span class='ocrx_word' id='word_1_339' title='bbox 233 3891 256 3961; x_wconf 70' lang='grc'>8)</span> <span class='ocrx_word' id='word_1_340' title='bbox 276 3899 306 3949; x_wconf 91' lang='lat' dir='ltr'>V.</span> <span class='ocrx_word' id='word_1_341' title='bbox 327 3898 382 3960; x_wconf 85' lang='lat' dir='ltr'>„Et</span> <span class='ocrx_word' id='word_1_342' title='bbox 400 3895 467 3948; x_wconf 83' lang='lat' dir='ltr'>sic.“</span> 
     </span>
    </p>

    <p class='ocr_par' dir='ltr' id='par_1_11' title="bbox 232 3982 522 4051">
     <span class='ocr_line' id='line_1_33' title="bbox 232 3982 522 4051; baseline 0.007 -14"><span class='ocrx_word' id='word_1_343' title='bbox 232 3982 254 4050; x_wconf 90' lang='lat'>⁴)</span> <span class='ocrx_word' id='word_1_344' title='bbox 274 3988 305 4040; x_wconf 87' lang='lat' dir='ltr'>V.</span> <span class='ocrx_word' id='word_1_345' title='bbox 326 3986 393 4051; x_wconf 82' lang='lat' dir='ltr'>„boc</span> <span class='ocrx_word' id='word_1_346' title='bbox 413 4004 493 4040; x_wconf 87' lang='lat' dir='ltr'>sensu</span> <span class='ocrx_word' id='word_1_347' title='bbox 507 3984 522 4010; x_wconf 88' lang='lat'>“</span> 
     </span>
    </p>

    <p class='ocr_par' dir='ltr' id='par_1_12' title="bbox 233 4072 1126 4144">
     <span class='ocr_line' id='line_1_34' title="bbox 233 4072 1126 4144; baseline 0.001 -16"><span class='ocrx_word' id='word_1_348' title='bbox 233 4072 255 4141; x_wconf 76' lang='lat'>⁶)</span> <span class='ocrx_word' id='word_1_349' title='bbox 276 4077 352 4129; x_wconf 83' lang='lat' dir='ltr'>Sive:</span> <span class='ocrx_word' id='word_1_350' title='bbox 372 4084 468 4144; x_wconf 85' lang='lat' dir='ltr'>„prout</span> <span class='ocrx_word' id='word_1_351' title='bbox 487 4078 562 4130; x_wconf 88' lang='lat' dir='ltr'>dedit</span> <span class='ocrx_word' id='word_1_352' title='bbox 582 4074 679 4142; x_wconf 88' lang='lat' dir='ltr'>[nobis]</span> <span class='ocrx_word' id='word_1_353' title='bbox 699 4081 795 4141; x_wconf 83' lang='lat' dir='ltr'>virtus,</span> <span class='ocrx_word' id='word_1_354' title='bbox 815 4084 873 4130; x_wconf 83' lang='lat' dir='ltr'>erat</span> <span class='ocrx_word' id='word_1_355' title='bbox 893 4073 990 4143; x_wconf 87' lang='lat' dir='ltr'>[nobis]</span> <span class='ocrx_word' id='word_1_356' title='bbox 1011 4073 1126 4129; x_wconf 85' lang='lat' dir='ltr'>virtus.“</span> 
     </span>
    </p>

    <p class='ocr_par' dir='ltr' id='par_1_13' title="bbox 233 4161 621 4234">
     <span class='ocr_line' id='line_1_35' title="bbox 233 4161 621 4234; baseline 0.003 -16"><span class='ocrx_word' id='word_1_357' title='bbox 233 4161 257 4231; x_wconf 79' lang='lat'>⁰)</span> <span class='ocrx_word' id='word_1_358' title='bbox 277 4168 331 4219; x_wconf 87' lang='lat' dir='ltr'>Hic</span> <span class='ocrx_word' id='word_1_359' title='bbox 350 4169 462 4234; x_wconf 87' lang='lat' dir='ltr'>explicit</span> <span class='ocrx_word' id='word_1_360' title='bbox 480 4175 570 4220; x_wconf 82' lang='lat' dir='ltr'>textus</span> <span class='ocrx_word' id='word_1_361' title='bbox 590 4171 621 4221; x_wconf 89' lang='lat' dir='ltr'>V.</span> 
     </span>
    </p>
   </div>
   <div class='ocr_carea' id='block_1_9' title="bbox 0 0 1790 4754">
    <p class='ocr_par' dir='ltr' id='par_1_14' title="bbox 0 0 1790 4754">
     <span class='ocr_line' id='line_1_36' title="bbox 0 0 1790 4754; baseline 0 0"><span class='ocrx_word' id='word_1_362' title='bbox 0 0 1790 4754; x_wconf 95' lang='lat' dir='ltr'> </span> 
     </span>
    </p>
   </div>
  </div>
 </body>
</html>
