3600 4740
666 283 983 388 ..mutim

241 501 277 565 V.
306 501 347 565 lt
371 501 447 583 (Lee
479 521 507 566 v.
550 500 604 573 13)
627 499 733 580 „Deus
760 499 956 585 ¹plenitudiue
982 500 1102 585 yyroliue
1131 507 1200 560 tune
1231 496 1349 560 exaudi
1382 495 1458 572 ure“‚
1492 495 1570 577 quia

75 607 147 669 iam
172 607 248 671 salis
277 608 455 690 castigatus
479 629 552 673 sum
582 609 723 673 (etiamsi
747 608 900 690 indignus
929 607 1016 691 sum)
1046 610 1094 683 „et
1113 604 1309 688 plenitudiue
1338 602 1449 665 salictis
1478 606 1569 665 trau.u

76 713 179 796 (quac
203 733 261 797 pcr
284 735 412 779 crucem
437 716 524 781 iacta
548 720 613 780 est·
639 714 745 794 ‚salvo
768 721 837 779 me“
863 736 901 779 ex
931 715 1111 796 angustiis!
1159 714 1191 780 V.
1223 711 1258 777 lb
1287 712 1364 796 rLee
1388 730 1417 773 ν.
1443 712 1497 793 14)
1522 711 1571 793 „et

74 841 101 880 a
123 818 210 885 luto“
235 821 390 904 (peccati)
413 824 624 888 vexationum
649 823 842 905 gentilitatis
867 821 1015 886 eorum.“

240 931 274 997 V.
298 930 340 996 22
365 931 428 994 Lee
448 952 476 996 v.
501 933 557 1008 21)
574 931 780 1009 „Potuverurrt
795 954 839 992 me
850 929 948 992 ariol
963 933 1097 1012 propter
1112 928 1206 993 dolos
1223 931 1255 991 el
1271 927 1397 991 derisus
1415 922 1571 1007 serumst)

77 1035 117 1098 V.
152 1037 193 1100 27
225 1038 301 1118 (Lee
333 1059 361 1103 v,
393 1039 448 1122 96)
481 1038 588 1123 „Nam
619 1060 706 1122 quem
737 1048 771 1100 lu
801 1039 1001 1124 percrussisti“
1035 1038 1182 1120 (propter
1213 1039 1349 1118 peecata
1381 1033 1482 1117 sua‘y2)
1510 1050 1588 1096 nos,

77 1143 201 1208 scilicet
224 1148 358 1226 propter
381 1150 517 1228 peccata
540 1150 654 1210 nostra
678 1146 845 1230 „persecuti
867 1152 970 1211 urunt‘.

238 1253 285 1313 Pr.
308 1253 490 1314 LXXXVII.
536 1253 571 1317 V.
596 1255 623 1319 5.
649 1252 714 1331 „Et
737 1253 771 1315 ue
787 1251 886 1317 Sicu*
911 1253 1080 1333 (Ecclesia)
1105 1251 1240 1332 ..dictum
1256 1252 1318 1314 est‘
1333 1270 1353 1314 a
1369 1246 1568 1331 prophetis³l

80 1357 139 1420 Vir
163 1362 322 1442 ‚‚potere“,
344 1359 525 1444 Ezechiasl)
550 1363 729 1436 ..natusest
753 1361 788 1422 iu
809 1383 843 1422 eu
866 1368 896 1425 et
919 1361 984 1445 ipsc
999 1358 1155 1444 fundarit
1184 1364 1276 1423 eam“
1301 1358 1449 1422 oratione
1476 1353 1563 1440 [sual

78 1468 157 1545 post
180 1465 313 1551 David⁵)
348 1471 380 1530 et
412 1467 617 1531 confirmavit
650 1487 723 1531 (am
747 1468 864 1532 ilmore
896 1468 964 1546 Dei,
1000 1488 1040 1531 ne
1074 1470 1336 1532 commoveretur
1368 1465 1409 1527 ab
1439 1463 1485 1527 eis
1509 1462 1572 1541 uvir

78 1572 225 1656 ‚protone‘
249 1575 454 1639 saeculorum
481 1584 596 1653 ..notris
619 1584 662 1640 est
685 1575 720 1636 iu
743 1580 798 1636 eo“
825 1573 853 1661 [i.
878 1572 917 1661 e]
942 1575 974 1639 in
1001 1575 1123 1638 mundo
1153 1577 1263 1638 crealo
1286 1581 1332 1654 „u
1362 1571 1424 1656 ipso
1455 1568 1571 1650 foroclu-

77 1680 122 1741 υἱ)
145 1681 231 1742 eurrr“
258 1678 288 1767 [i.
312 1700 338 1745 e.
356 1679 553 1767 creaturam]
579 1682 611 1746 in
627 1682 785 1746 libertate.
834 1682 1030 1767 „⁶Doruinus
1047 1681 1242 1746 rrunurabit‘
1267 1681 1300 1744 in
1316 1678 1481 1743 volumine
1496 1677 1570 1740 libri

79 1786 214 1873 [textusz
243 1787 376 1874 ,utmo‘y
408 1789 494 1853 vitae
518 1790 677 1872 populum
704 1792 825 1869 suum.)
859 1789 1039 1872 „Dominus
1070 1788 1263 1853 munerabit‘
1292 1788 1386 1870 quasi
1415 1785 1471 1865 „iu
1494 1783 1572 1849 libro

72 1894 225 1981 populum
248 1903 363 1960 suunr“
387 1898 420 1961 in
445 1917 485 1961 ea
509 1896 719 1983 [degentem]
766 1898 806 1962 Et
823 1898 1031 1962 conservabit
1048 1918 1114 1976 eos.
1139 1897 1269 1980 nequis
1295 1916 1333 1959 ex
1357 1895 1395 1959 iis
1413 1894 1570 1970 aberrctl‘)

77 2001 286 2085 Propterca⁷)
310 2003 464 2068 Ezechias
489 2001 628 2090 [textusz
654 2003 762 2091 „illc‘l
788 2005 854 2082 „ili
876 2014 968 2067 reatris
991 2005 1062 2067 est‘·
1109 2003 1333 2091 „⁷Maynausty
1357 2003 1413 2087 qut
1429 2000 1570 2064 barbitum

78 2109 115 2171 in
143 2109 198 2172 Te*
222 2110 401 2174 Jerusalem
426 2113 496 2193 (qui
520 2116 596 2176 suot
620 2112 760 2194 apostoli
787 2116 818 2176 ct
842 2113 1022 2195 prophelae
1052 2118 1084 2177 el
1108 2117 1267 2197 martyres
1299 2116 1331 2176 et
1354 2111 1569 2187 consessorem

79 2217 137 2299 qui
161 2217 313 2280 habitant
336 2218 369 2281 in
393 2218 450 2295 Te,
475 2239 494 2282 o
518 2218 675 2287 Ecclesia»
705 2219 918 2304 ‚paridelruut‘
951 2222 990 2286 de
1021 2221 1156 2285 victoria
1184 2240 1285 2302 quam
1309 2217 1490 2301 reportavit
1513 2237 1569 2280 rex

78 2343 192 2388 corum
210 2323 385 2410 (Christus)
409 2327 449 2389 de
466 2325 606 2408 Assyriis
631 2327 685 2408 (de
700 2328 911 2408 passionibus
928 2329 1027 2392 animi
1043 2333 1075 2393 et
1098 2328 1316 2393 daemonibus
1341 2330 1373 2390 ct
1389 2323 1569 2410 augustiis).

239 2432 416 2516 ([Psalmus]
441 2435 781 2518 undenonagesimus⁹)

79 2540 125 2604 De
149 2543 244 2622 genle
271 2537 503 2628 [ludaeorum]
529 2542 562 2605 in
585 2542 766 2625 Babylonia
792 2541 975 2630 [degente]„
1000 2545 1094 2626 quasi
1119 2544 1186 2608 Deo
1210 2544 1244 2607 in
1261 2543 1452 2606 memoriam
1477 2561 1569 2604 revo-

78 2652 191 2714 carent
214 2648 458 2730 promissiones,
492 2671 574 2732 quas
606 2651 710 2715 David
743 2649 905 2738 [fecissetl.
952 2652 1122 2718 Confessio
1160 2649 1351 2737 [gratiarum
1385 2645 1483 2734 actio]
1510 2669 1569 2739 pro

80 2777 191 2822 amore
213 2757 273 2820 Dei
297 2777 375 2840 erga
397 2743 481 2841 nus).

238 2865 275 2929 V.
300 2868 319 2929 3
343 2867 364 2930 b
402 2867 465 2931 Lce
488 2888 519 2930 v.
545 2867 601 2949 ab)
626 2866 690 2944 „Et
711 2866 824 2931 coelrun
841 2866 997 2951 j'rrncluvit
1011 2867 1092 2949 ficies
1115 2866 1191 2930 truc
1216 2865 1283 2949 (illa
1316 2884 1415 2948 qulam
1440 2864 1569 2929 Christo

79 2973 307 3058 praestabunt)
331 2973 340 3038 i
369 2995 394 3041 e.
410 2975 530 3039 veritas
546 2975 855 3057 promissionum¹⁰t

238 3081 281 3147 V.
306 3080 337 3146 5.
362 3083 438 3165 (Lee
462 3103 492 3146 r.
517 3083 551 3167 4)
576 3081 688 3167 „Quod
709 3083 739 3144 in
762 3080 916 3146 soecrrluru
930 3081 1067 3164 firmubo
1090 3105 1185 3144 semen
1208 3087 1315 3143 tuum‘
1340 3081 1348 3144 i
1376 3103 1402 3146 e.
1427 3100 1519 3161 reges
1551 3100 1571 3143 a

238 3273 259 3340 1)
279 3274 296 3328 S
315 3274 433 3342 Propter
452 3274 572 3330 derisum
592 3275 662 3332 eius.

238 3363 259 3431 ll
279 3365 310 3418 B.
330 3365 357 3418 H
386 3366 482 3430 lucae
529 3366 544 3419 I
572 3381 586 3420 e
615 3373 728 3434 propter
747 3372 862 3435 peccata
884 3369 942 3437 „illi
962 3369 1101 3438 persecuti
1121 3370 1211 3425 sunt.“

242 3453 262 3519 ³,
283 3455 315 3508 B.
335 3454 361 3508 Η
391 3456 487 3521 lanua
533 3456 592 3510 Le
621 3457 800 3524 aprophetis

239 3543 260 3610 4)
280 3545 312 3601 Β.
331 3544 366 3600 Η.
386 3544 439 3600 l.c
466 3550 478 3598 1
507 3561 530 3601 e.
549 3545 695 3601 Ezechias.

239 3634 260 3698 ⁵)
280 3634 312 3689 B.
332 3635 367 3689 H.
388 3634 493 3700 196,63.
531 3634 545 3688 I
574 3650 596 3689 e.
617 3636 742 3691 oratione
762 3648 810 3691 etc.
832 3636 905 3691 sicut
925 3638 956 3690 (t.

237 3723 259 3791 6)
278 3723 310 3779 Β,
330 3723 364 3777 H.
386 3723 490 3789 reue-l.
529 3724 543 3777 I
578 3740 602 3780 e.
627 3740 673 3779 eos
699 3725 794 3791 quiin
819 3727 974 3782 Jerusalem
1001 3728 1084 3796 [sunt.
1111 3728 1305 3796 conservabitl,
1329 3743 1363 3782 ne
1389 3728 1451 3794 quis
1475 3744 1509 3781 ex
1535 3725 1570 3779 iis

80 3820 183 3880 pereat.

237 3902 259 3972 ἲ)
278 3904 295 3958 S
314 3904 374 3958 Hic.
412 3905 435 3957 B
464 3905 490 3958 H
520 3906 616 3971 196,65
662 3905 677 3959 Ι
705 3921 727 3959 e.
747 3910 862 3972 propter
880 3905 952 3960 hunc
971 3905 1118 3961 Ezechiam
1138 3909 1183 3967 (sc.
1205 3920 1259 3958 non
1276 3904 1380 3972 peribit
1399 3905 1568 3973 quisquam.)

237 3992 258 4059 8)
278 3994 295 4048 S
314 3994 472 4063 Magnetes,
490 3994 541 4048 filii
560 3994 814 4061 Hierosolymorum

238 4082 259 4150 ⁰)
279 4083 304 4136 G
321 4083 351 4137 in
370 4085 508 4152 margine:
529 4084 577 4140 Ps.
597 4084 753 4139 LXXXIX:
773 4101 871 4139 versus
891 4086 920 4152 O,
939 4086 1065 4139 laudatio
1086 4086 1191 4140 decium
1210 4086 1306 4143 tertia.

231 4170 264 4240 10)
283 4172 315 4229 Β.
334 4173 364 4227 H.
385 4173 492 4240 man.
529 4174 551 4228 Ι.
571 4190 594 4229 e.
614 4173 718 4229 veritas
737 4174 948 4242 promissionum
967 4182 1087 4230 tuarum.
