3570 4754
717 305 928 405 Mtte
995 392 1033 404 w„

134 539 248 584 eorum
273 514 414 604 [oriturl.
461 517 550 581 Haec
583 518 758 597 sufficiunt,
792 538 877 599 quae
910 520 1087 584 ostendant
1122 520 1216 583 utiles
1252 519 1429 596 doctrinas
1462 539 1548 602 quae
1582 541 1624 584 ex

134 627 196 690 hoc
218 626 301 690 libro
326 625 535 690 inveniuntur
559 645 579 688 a
601 624 674 688 filiis
698 624 869 692 Ecclesiae.
916 625 1067 709 (Explicit
1091 626 1289 691 introductio
1309 626 1513 708 psalmorum
1530 646 1624 691 eom-

135 733 242 816 posita
266 753 286 797 a
309 733 450 797 Domino
474 731 604 805 Natuie'l
627 732 781 814 episcopo
806 732 1028 818 Sirazorensi).

855 896 907 956 VI.

295 1018 396 1082 Porro
427 1016 585 1099 psalmus,
622 1017 677 1100 qui
712 1017 818 1082 dictus
853 1022 903 1082 est
937 1038 957 1082 a
994 1018 1101 1083 David
1137 1019 1225 1102 (cum
1261 1020 1513 1103 congrederetur
1548 1040 1626 1084 cum

138 1125 272 1194 Goliath
296 1123 498 1206 Philistaeo):

294 1229 437 1311 „Parvae
451 1228 515 1316 fui
537 1229 617 1296 iuter·
642 1229 756 1312 fratres
779 1252 858 1296 mem
881 1240 906 1294 rt
924 1253 1005 1317 perer
1035 1231 1071 1296 iu
1101 1231 1188 1297 derue
1212 1234 1319 1316 petris
1349 1236 1415 1301 mei.
1462 1233 1627 1300 Porcellum

136 1363 198 1402 oure
216 1339 320 1424 patric
341 1338 405 1403 mci
427 1338 580 1404 luctantes.
630 1338 736 1423 [Velut
758 1362 853 1426 opnor
875 1340 969 1403 occidi
990 1338 1083 1403 troam
1106 1350 1131 1402 ct
1152 1339 1280 1428 lupos])
1307 1341 1449 1406 erunibus
1464 1341 1536 1404 meis
1550 1361 1627 1427 qaue

130 1445 295 1531 faciebant
317 1466 477 1532 exponam,
501 1446 608 1533 digitis
639 1448 711 1511 meir
744 1448 826 1533 aptis
858 1447 900 1510 ool
930 1447 1092 1512 citharam·
1147 1447 1190 1511 Et
1219 1449 1288 1531 qrrie
1318 1449 1521 1512 nnrrrrntialrit
1553 1448 1625 1512 bam

137 1553 366 1618 dominorum?
411 1553 481 1638 [prce
504 1552 662 1619 Dominus
684 1554 750 1639 est²)
775 1554 858 1618 Deua
880 1577 972 1630 areum
994 1556 1058 1641 ipsc
1080 1555 1165 1618 misit
1195 1555 1336 1640 angelum
1366 1579 1454 1619 strum
1488 1565 1513 1619 et
1546 1554 1627 1619 eart-

139 1662 218 1727 tuvit
241 1682 288 1727 me
310 1660 349 1726 de
370 1659 472 1725 ouibus
488 1662 594 1746 patrie
617 1660 676 1724 mei
697 1662 723 1723 et
744 1663 839 1726 enuit
863 1684 909 1727 me
933 1672 1084 1748 rrnpuento
1107 1663 1261 1726 relectionis
1284 1685 1365 1727 sune.
1418 1663 1539 1726 Fratres
1569 1661 1628 1724 orei

135 1766 264 1856 preclari
285 1777 311 1830 et
332 1769 441 1854 neapol
461 1778 534 1832 cerret
556 1791 648 1853 aeque
673 1767 762 1856 [vero]
786 1769 941 1833 delectabis
963 1780 1003 1833 est
1025 1772 1067 1833 eis
1089 1769 1253 1835 Dominus.
1299 1769 1380 1832 Eae-ii
1409 1771 1444 1832 iu
1474 1791 1627 1832 occrrrsum

140 1875 301 1941 Pbilr'ctuei
322 1885 347 1939 et
369 1877 541 1959 contempsit
564 1900 608 1938 me
625 1881 755 1962 propiet·
777 1877 860 1942 idola
883 1900 951 1941 artu.
997 1877 1063 1962 Epo
1085 1886 1185 1940 cratem
1207 1879 1368 1962 conpiouui
1395 1876 1534 1964 gladium
1565 1874 1629 1937 cino

140 1995 165 2049 et
187 1983 304 2051 abscidi
332 1985 512 2070 reputetur
535 1994 559 2047 et
588 1984 703 2069 proieci
736 1985 932 2070 opprobrium
968 1985 1029 2066 aba)
1062 1984 1172 2050 Israel.
1231 1981 1381 2068 (Explicit
1417 1989 1448 2048 ct
1483 1982 1624 2048 Domino

143 2095 184 2158 sit
208 2093 341 2176 glorial)

852 2255 922 2316 VII.

304 2375 459 2458 Sequitur
482 2375 706 2459 (reprehensio
731 2396 844 2442 eorum
869 2379 924 2461 qui
948 2398 1015 2442 non
1047 2383 1136 2442 caste
1171 2376 1254 2463 [curn
1288 2379 1404 2441 sancta
1436 2370 1630 2458 reverentia]

53 2490 55 2495 ’
144 2489 353 2551 accesserunt
376 2484 418 2548 ad
442 2483 743 2565 interpretationem
780 2485 936 2550 librorum
962 2485 1170 2567 divinorum).
1219 2485 1406 2566 Errargeuis
1443 2477 1630 2570 [Origenes]

143 2593 394 2670 Alexandrinus,
419 2592 475 2674 qui
499 2592 639 2655 multum
664 2612 699 2655 se
723 2592 920 2658 instructum
944 2611 1016 2657 esse
1050 2594 1191 2674 putabat
1223 2593 1255 2656 in
1287 2593 1377 2655 libris
1410 2589 1522 2667 saone,
1556 2606 1632 2652 cum

146 2720 297 2766 sermone
320 2703 493 2782 poetarum
518 2698 717 2763 Graecorum
740 2720 948 2785 paganorum
973 2704 1005 2763 et
1029 2720 1049 2764 a
1072 2704 1162 2764 secta
1185 2700 1428 2764 Platonicorum
1460 2695 1627 2775 abripere-

147 2814 210 2888 tur,
235 2808 317 2873 falso
342 2807 518 2892 contendit,
543 2807 670 2870 animas
700 2810 773 2870 ortu
807 2826 867 2871 suo
898 2809 1024 2889 priores
1057 2809 1156 2872 fuisse
1189 2806 1380 2889 corporibus
1414 2807 1446 2868 et
1480 2800 1633 2866 omnibus

119 2905 244 2983 ¹rebus
268 2916 385 2980 creatis
409 2914 590 2979 visibilibus
626 2933 686 2995 per
720 2917 906 2995 temporum
941 2913 1075 3003 [spatia]
1111 2914 1400 2980 immensurabilia.
1460 2911 1635 2974 Praeterea

147 3025 241 3090 dicit:
266 3024 313 3088 De
336 3026 455 3087 natura
479 3025 589 3085 creata
611 3021 719 3104 priore
743 3040 840 3085 nemo
862 3021 1008 3103 profecto
1033 3025 1170 3109 scripsit,
1197 3025 1237 3088 de
1266 3021 1410 3087 secunda
1439 3022 1551 3084 aulem
1582 3015 1635 3079 ille

147 3123 203 3218 q'ui
226 3133 259 3197 in
284 3131 394 3196 Horeb
418 3130 547 3194 locutus
572 3133 629 3195 est.
675 3129 848 3193 Praeterea
872 3130 1016 3212 loquitur
1040 3131 1248 3217 deprecato,
1274 3129 1361 3213 quod
1387 3129 1486 3192 antea
1510 3124 1635 3187 lactum

148 3246 207 3317 est,
233 3239 518 3321 intelligentiarum
543 3234 753 3323 [spirituum]‚
778 3237 972 3319 quibuscum
998 3241 1132 3319 propter
1155 3241 1291 3319 peccata
1323 3253 1438 3300 eorum
1461 3231 1636 3295 coniuncta

149 3371 221 3416 esse
256 3367 395 3430 corpora
431 3347 472 3411 ad
508 3345 756 3428 castigationem
788 3362 902 3408 eorum
935 3347 966 3408 et
1000 3348 1176 3426 propterea
1210 3344 1287 3427 quia
1324 3341 1382 3430 [sc.
1414 3340 1571 3422 Origenes
1604 3341 1637 3401 et

150 3457 298 3539 discipuli
332 3452 415 3541 eius]
448 3454 538 3518 illum
572 3473 704 3518 sensum
728 3471 936 3536 perversum,
961 3433 1176 3516 non'rectum
1201 3455 1277 3515 ante
1301 3449 1413 3514 oculos
1447 3466 1524 3511 suos
1553 3445 1633 3508 fixe·

149 3568 223 3630 rant
249 3559 471 3650 [statuerant]‚
497 3581 611 3626 omnes
633 3561 733 3626 libros
757 3559 971 3641 aenigmatice
996 3559 1248 3640 explicaverunt.
1303 3556 1343 3620 Et
1377 3553 1545 3637 symbola,
1579 3551 1635 3629 ait,

150 3672 279 3737 illarum
302 3690 412 3735 rerum
436 3674 534 3734 antea
556 3672 725 3755 gestarum
750 3666 861 3730 omnia
884 3665 939 3729 illa
963 3684 1044 3741 esse,
1067 3684 1152 3746 quae
1175 3663 1321 3727 inlibris
1354 3657 1483 3748 [sacris]
1515 3659 1639 3740 scripta

151 3887 455 3899 Ι-.-.--------ι.-.
461 3887 468 3894 .

311 4025 332 4093 ¹)
352 4032 441 4083 Verba
459 4032 565 4081 uncinis
585 4029 689 4080 inclusa
708 4029 805 4081 desunt
824 4031 851 4078 in
871 4029 932 4082 aliia
951 4027 1079 4092 textibus,
1099 4028 1180 4078 etiarn
1200 4028 1228 4076 in
1242 4026 1353 4079 Graeco.

313 4113 334 4182 a)
353 4120 510 4186 Polyglotta
528 4125 615 4171 recte:
634 4120 671 4169 ut
690 4121 757 4184 ipse.

312 4205 334 4280 ³)
352 4209 508 4280 Polyglotla
527 4208 578 4262 add
597 4228 602 4260 :
623 4210 645 4261 Α
664 4207 735 4264 filiu.
