3570 4754
722 368 933 381 vsmmvwwmam»
939 370 1040 378 nummu-w

136 518 310 565 numerum
336 492 546 583 [trinitateml.
593 493 676 559 Cum
700 494 871 576 sexaginta
896 492 1029 582 [autem]
1053 493 1256 560 iaculatoriis
1280 497 1352 578 pari
1377 499 1409 560 et
1443 501 1532 561 recto
1566 516 1628 561 nu-

135 626 225 670 mero
250 603 412 670 coniuncti
437 598 604 688 [coaptati]
638 605 716 666 sont
746 622 803 666 sex
837 602 967 666 ordines
993 601 1218 686 [naturarum]
1242 603 1370 668 ratione
1401 605 1628 686 praeditarum

135 716 172 777 ut
195 730 296 793 supra
319 707 700 789 commemoravimus'):
726 706 863 794 Homul)
886 713 919 774 et
944 709 1025 772 ordo
1050 709 1302 774 daemoniorum
1326 715 1358 775 et
1382 716 1447 776 tres
1472 713 1628 779 ecclesiae

135 819 309 900 spirituum
335 811 579 902 [angelicorum]
605 818 637 878 et
670 813 757 878 Deus
792 819 920 879 creator
953 816 1110 893 omnium,
1144 821 1180 881 ut
1213 818 1259 881 sic
1291 819 1457 884 coniuncti
1480 821 1546 885 sint
1570 841 1629 886 sex

135 924 262 989 numeri
287 927 318 987 et
343 918 540 1008 [divi-iones]
565 924 676 1002 partes
713 925 834 986 natura
866 923 993 987 ratione
1023 924 1184 1005 praedita.
1213 924 1320 990 illlud
1354 929 1475 1004 autem,
1509 926 1627 1012 quodi)

136 1033 249 1097 decem
275 1025 490 1117 [iaculatoria]
516 1047 581 1092 una
600 1028 715 1092 divisio
733 1032 819 1108 sunt,
838 1048 876 1094 eo
893 1029 930 1094 tit
946 1031 1033 1113 quod
1051 1051 1117 1096 non
1132 1049 1235 1094 unum
1252 1034 1284 1094 et
1300 1031 1364 1095 duo
1381 1032 1413 1095 in
1431 1033 1496 1097 ullo
1512 1034 1628 1099 ordine

135 1143 221 1215 sunt,
246 1138 304 1202 sed
327 1155 482 1200 numerus
506 1136 669 1216 perfectus
694 1139 725 1200 et
748 1137 823 1218 plus
847 1157 949 1219 quam
973 1138 1087 1203 decern
1111 1138 1144 1201 in
1167 1156 1305 1202 numero
1329 1158 1396 1202 non
1413 1143 1490 1203 sunt
1547 1141 1627 1205 Om-

134 1247 190 1312 nia
214 1248 324 1310 autern
347 1263 432 1327 quae
455 1245 555 1307 istum
579 1262 753 1307 numerum
778 1249 946 1327 superant,
972 1266 1046 1310 enm
1070 1244 1274 1310 circumdant
1292 1249 1345 1330 (Ρ).
1382 1247 1453 1311 Hoc
1469 1247 1569 1312 etiam
1586 1248 1625 1313 do

135 1353 334 1422 iaculatoriis
360 1349 547 1437 [dicendum
572 1348 671 1437 esui)

293 1460 395 1524 Porro
421 1461 531 1522 autem
556 1459 656 1522 etiarn
680 1462 793 1542 typum
818 1460 851 1525 in
876 1480 914 1524 eo
940 1458 996 1546 [sc.
1028 1461 1111 1525 libro
1146 1459 1361 1548 psalmorum]
1395 1460 1561 1525 subiciunt
1595 1467 1627 1527 et

68 1630 71 1634 ,
134 1572 180 1636 sic
203 1570 316 1633 dicunt
339 1564 547 1630 laudationes
572 1565 641 1629 eius
664 1568 777 1648 typum
803 1586 875 1630 esse
900 1564 1060 1652 [omnium
1084 1564 1272 1653 eventuum]
1308 1567 1350 1630 ab
1384 1567 1475 1631 initio
1511 1569 1625 1633 mundi

133 1696 238 1760 usque
262 1675 305 1739 ad
328 1671 597 1737 resurrectionem
623 1691 662 1736 ex
686 1673 830 1736 mortuis.
880 1674 913 1737 ln
947 1674 1138 1738 laudatione
1169 1673 1276 1755 prima
1306 1693 1391 1755 quae
1423 1674 1554 1739 constat
1587 1695 1627 1740 ex

134 1786 247 1849 decern
270 1779 453 1863 psalmis⁵):
479 1779 605 1843 Primus
631 1777 801 1866 [psalmus]
830 1780 903 1845 XIV
927 1797 1060 1849 versus:
1084 1781 1124 1845 de
1148 1800 1206 1844 sex
1238 1780 1364 1845 naturis
1388 1800 1473 1863 quae
1497 1781 1627 1846 silentio

134 1895 166 1956 et
189 1907 256 1953 una
280 1906 364 1970 quae
388 1904 469 1950 voce
492 1886 599 1968 primo
624 1885 676 1950 die
700 1890 830 1951 creatae
854 1890 943 1951 sunt.
989 1887 1029 1951 ut
1052 1888 1093 1951 de
1117 1897 1247 1969 septem
1279 1887 1349 1952 aliis
1382 1888 1508 1952 naturis
1540 1907 1627 1969 quae

134 1998 203 2062 istis
228 2015 286 2060 sex
320 1993 437 2057 diebus
472 1996 604 2057 creatae
637 1997 724 2057 sunt.
780 1992 845 2057 Sex
877 1996 1017 2057 naturae
1050 2013 1135 2076 quae
1169 1994 1324 2079 silentiar)
1359 1992 1500 2080 [creatae
1535 1993 1624 2082 sont]

133 2103 298 2186 seilicet⁷):
322 2100 457 2165 Caelum
482 2104 514 2165 et
536 2104 625 2165 terra
650 2105 683 2165 et
707 2101 813 2183 angeli
837 2104 869 2166 et
893 2102 1049 2165 tenebrae
1073 2105 1105 2166 et
1129 2121 1218 2184 aqua
1242 2105 1274 2166 et
1298 2112 1353 2166 aer
1377 2105 1409 2166 et
1439 2102 1505 2180 lux,
1540 2121 1627 2184 quae

134 2231 214 2277 voce
238 2217 349 2274 creata
373 2212 433 2272 est.
480 2208 613 2290 Septem
638 2205 772 2294 [autem]
799 2209 900 2277 aliae:
934 2191 1195 2272 Firmamentum
1227 2213 1259 2273 et
1293 2210 1500 2292 congregatio
1536 2206 1626 2294 [con-

133 2315 251 2403 fluxus]
276 2334 383 2398 aquae
407 2319 439 2379 et
462 2315 565 2379 herba
588 2318 694 2380 terrae
719 2319 751 2379 et
774 2315 890 2379 divisio
914 2314 1076 2379 luminum
1101 2318 1133 2379 et
1155 2317 1285 2398 reptilia
1308 2337 1414 2399 oquae
1438 2321 1470 2381 et
1503 2316 1626 2380 animal

121 2428 166 2492 'et
182 2427 292 2490 homo.
337 2422 489 2487 Psalmus
508 2423 688 2494 secundus:
705 2421 830 2505 „Quare
837 2420 1057 2508 francanor‘
1073 2426 1105 2487 et
1119 2442 1232 2487 versus
1252 2426 1443 2507 sequentes:
1462 2424 1508 2488 De
1526 2423 1627 2488 caede

134 2533 217 2601 Abel
241 2535 273 2596 et
295 2531 505 2613 generatione
530 2531 619 2597 Seth.
664 2531 902 2617 „Epotscilicet
936 2530 1101 2611 „constitui
1122 2550 1221 2616 repam
1253 2534 1371 2595 arreum‘
1394 2535 1426 2595 et
1449 2535 1557 2595 cetera
1586 2531 1627 2594 de

133 2640 214 2706 Seth
238 2636 347 2725 [diota]
371 2642 456 2703 sunt.

293 2731 395 2782 Eadem
415 2733 517 2781 ratione
538 2730 661 2796 singulae
681 2731 859 2794 laudationes,
879 2731 1050 2790 inculatorira
1065 2731 1160 2796 psalmi
1175 2736 1254 2797 atquc
1270 2733 1402 2783 interdum
1419 2731 1519 2787 stimuli
1532 2747 1628 2781 versus

134 2819 318 2887 explanantur,
337 2827 367 2870 ut
386 2821 444 2886 typi
463 2836 552 2871 eornm
574 2836 643 2886 qnae
662 2826 690 2872 ct
709 2823 738 2871 in
756 2823 840 2872 reteri
861 2826 888 2873 ct
907 2822 934 2871 in
953 2837 1022 2871 novo
1041 2826 1206 2872 testamento
1225 2827 1253 2872 et
1266 2824 1293 2872 in
1311 2823 1398 2888 prima
1410 2820 1523 2871 historia
1540 2821 1627 2870 ecc'o·

84 2952 87 2959 .
133 2916 189 2964 siae
210 2917 356 2960 narrantur.
396 2909 499 2959 Ceteris
519 2912 715 2976 praetermissis
734 2910 802 2960 illud
822 2912 944 2961 omittere
964 2911 1033 2982 rnolo.
1053 2909 1124 2976 quod
1145 2910 1196 2959 lrab
1214 2916 1224 2959 t
1245 2911 1278 2958 od
1297 2927 1328 2976 ps
1361 2912 1424 2960 1⁶23:

294 2994 428 3075 „Nisitz
454 2994 537 3059 Cum
560 2995 647 3060 Nero
681 2996 851 3060 Simonem
883 2999 915 3060 et
950 2996 1089 3060 Paulum
1123 2994 1269 3060 occidere
1302 2996 1406 3060 voluit
1439 2997 1471 3058 et
1505 2995 1626 3057 iterum

134 3106 284 3188 placatus
308 3106 357 3166 est
383 3103 508 3186 [rvetub
533 3103 698 3191 eitajjan]

295 3213 372 3275 Quod
390 3213 460 3264 unde
480 3217 628 3264 manaverit
647 3214 811 3280 exploratum
832 3230 885 3264 non
906 3214 999 3266 lrrtlreo.
1038 3216 1078 3264 dn
1097 3217 1187 3279 potius
1205 3213 1364 3264 vertendum
1385 3222 1444 3264 ert:
1476 3213 1507 3260 lli
1531 3213 1581 3260 iter
1603 3228 1625 3258 nr

134 3322 185 3371 pax
205 3305 277 3354 facta
296 3309 339 3353 est
359 3297 387 3365 [i]

293 3457 314 3525 ¹)
335 3463 402 3513 Vide
424 3462 645 3512 introductionem
666 3478 692 3526 p.
712 3463 727 3510 6
747 3459 756 3509 l
781 3463 873 3527 tsqq,

293 3547 314 3614 ²)
334 3554 366 3603 V.
386 3553 530 3603 Homines.

292 3635 314 3702 ³)
334 3642 366 3692 V.
384 3640 466 3692 adua
486 3642 514 3689 in
532 3639 630 3690 totam.

292 3725 315 3794 4)
334 3733 435 3781 Eorum
458 3746 525 3796 quae
546 3733 702 3796 sequnntur,
721 3733 822 3780 textum
843 3729 984 3794 Syriacum
1004 3745 1057 3780 non
1076 3729 1175 3790 addidi,
1196 3731 1259 3795 quia
1278 3745 1329 3779 non
1348 3731 1401 3779 uisi
1415 3745 1476 3794 pars
1490 3735 1553 3793 apta
1565 3744 1625 3778 esso

133 3819 276 3872 ridebatur
295 3820 329 3871 ad
348 3819 507 3871 eliciendos
526 3819 674 3885 legentium
695 3820 809 3870 animos.

293 3906 316 3974 ὗ)
335 3911 366 3960 V.
386 3911 426 3961 De
447 3909 538 3961 decem
558 3909 778 3975 generationibus
797 3925 866 3975 quae
886 3916 949 3960 sunt
973 3910 1006 3960 ab
1032 3908 1116 3959 Adam
1142 3923 1226 3973 usque
1253 3906 1286 3957 ad
1312 3907 1452 3958 dilnvium.
1498 3905 1622 3957 Psalrnus

134 4004 234 4070 primus
254 4005 300 4067 qui
320 4004 429 4050 constat
447 4017 461 4050 e
480 3998 679 4065 quatuordecim
699 3998 831 4048 versibus.

293 4084 315 4152 6)
334 4089 376 4139 Ad
394 4105 433 4140 a:
453 4094 565 4139 naturae
584 4088 696 4139 silentii.

294 4173 315 4240 ⁷)
335 4179 367 4228 V.
388 4194 440 4229 om.
459 4176 485 4230 h.
505 4193 530 4229 r.
