3570 4754
870 312 915 380 20

299 533 354 618 (Et
376 533 458 598 scito
482 533 515 597 in
538 530 645 597 David
667 551 739 597 esse
763 532 877 597 omnia
898 531 989 596 bona
1006 529 1137 615 [omnes
1154 525 1421 616 praestantias]!)
1468 530 1630 595 Humilia-

140 645 195 708 tus
218 646 268 708 est
291 639 398 706 David
419 639 525 722 magis
548 658 649 722 quam
673 657 789 704 omnes
811 639 994 722 prophetae
1016 639 1050 702 et
1064 638 1115 702 est
1129 637 1164 700 in
1180 655 1219 700 eo
1234 636 1408 718 suplicatio
1425 639 1458 701 et
1472 638 1630 702 ieiunium

139 754 174 815 et
195 750 301 815 oratio
324 753 357 815 et
379 746 582 832 poenitentia
604 749 639 810 et
661 745 789 810 clamor
811 750 844 810 et
867 745 1037 810 servitium
1061 748 1094 808 et
1116 762 1212 809 amor
1243 748 1276 807 et
1308 744 1421 826 religio
1453 740 1561 830 [fides]
1596 748 1630 809 et

139 855 313 922 clementia
335 858 368 920 et
390 854 551 938 patientia
573 857 607 917 et
628 851 761 918 bonitas
784 855 817 917 et
839 851 1027 935 benignitas
1051 855 1084 915 et
1117 849 1331 933 intelligentia
1363 855 1396 915 et
1427 851 1563 915 scientia
1596 856 1630 916 et

138 963 208 1029 vita
238 972 272 1028 et
294 963 424 1028 sanatio
448 965 481 1026 et
502 959 651 1026 remissio
675 959 856 1041 culparum.
900 959 960 1024 Est
981 959 1014 1022 in
1047 977 1087 1022 eo
1119 958 1235 1024 hortus
1270 960 1371 1025 ‘Eden
1403 964 1437 1024 et
1467 959 1631 1024 medicina

139 1069 288 1136 omnium
309 1068 462 1135 dolorum
486 1064 540 1156 [et]
565 1066 710 1150 alligatio
733 1066 883 1131 omnium
905 1065 1087 1148 plagarum.
1133 1067 1238 1133 David
1261 1072 1374 1133 autem
1397 1072 1468 1132 erat
1491 1087 1547 1133 cor
1568 1067 1629 1132 Dei

139 1181 173 1244 et
194 1182 350 1244 executor
371 1175 550 1242 voluntatis
573 1175 653 1241 eius.
698 1173 878 1258 Propterea
892 1177 1004 1257 patres
1029 1171 1161 1262 [sancti]
1177 1175 1383 1242 tradiderunt
1399 1173 1629 1264 [mandatnm]‚

138 1287 176 1350 ut
199 1284 243 1350 ad
266 1284 391 1350 cultum
413 1279 584 1371 [divinum]
608 1281 714 1363 magis
738 1301 777 1346 eo
802 1278 857 1368 [sc.
879 1281 964 1346 libro
986 1283 1192 1364 psalmorum
1215 1279 1297 1370 eius]
1321 1287 1499 1360 uteremur,
1525 1304 1628 1366 quam

139 1391 292 1458 omnibus
315 1390 406 1457 libris
428 1389 671 1473 prophetarum
693 1388 805 1453 multis
828 1388 937 1454 causis
970 1389 1167 1475 [commoti]
1215 1389 1394 1476 [Quarum]
1428 1393 1535 1474 prima
1567 1397 1628 1470 est,

138 1500 218 1584 quia
253 1498 403 1565 Christus
439 1516 480 1562 ex
517 1497 642 1561 semine
680 1497 751 1561 eius
791 1501 873 1575 erat,
923 1496 1038 1575 altera,
1080 1497 1159 1580 quia
1198 1499 1395 1563 vaticinatus
1431 1504 1481 1563 est
1516 1504 1549 1564 et
1586 1501 1630 1565 de

138 1606 309 1672 divinitate
332 1609 365 1670 et
388 1604 429 1669 de
451 1605 659 1669 humanitate
681 1608 714 1669 et
737 1604 779 1668 de
801 1604 958 1686 passione
981 1606 1015 1668 et
1037 1603 1079 1669 de
1102 1607 1259 1688 martyrio
1283 1611 1316 1671 et
1331 1607 1372 1673 de
1387 1609 1629 1675 resurrectione

138 1714 235 1780 etde
258 1713 450 1780 ascensione
474 1709 634 1798 [Christil.
679 1711 766 1777 Laus
789 1712 832 1776 sit
856 1711 920 1790 isti,
944 1711 1002 1795 qui
1024 1713 1153 1795 subegit
1175 1714 1424 1796 intelligentiam
1456 1718 1629 1800 prudenti-

136 1839 206 1900 um,
228 1824 267 1887 ut
287 1839 366 1888 cum
386 1817 519 1904 purgati
541 1837 690 1884 essemus
722 1839 744 1885 a
775 1818 929 1903 squalore
961 1820 1157 1902 passionum
1189 1818 1484 1908 [perturbationum
1515 1824 1628 1913 animI]

138 1930 368 1995 observatione
391 1928 626 1993 mandatorum
649 1928 730 2008 eiua
754 1929 953 1994 intraremus
975 1929 1010 1993 in
1032 1933 1148 1994 sancta
1171 1934 1362 1995 sanctorum
1395 1933 1628 2015 mysteriorum

138 2036 208 2102 eius
238 2040 273 2103 et
304 2037 381 2101 inde
412 2033 690 2118 locupletaremur
720 2035 896 2119 prudentia
930 2040 963 2101 et
993 2036 1198 2119 benignitate
1232 2041 1265 2102 et
1301 2038 1525 2121 intelligentia,
1556 2040 1628 2103 istis

139 2141 336 2232 [virtutibus]
372 2163 456 2228 quas
492 2144 641 2210 oratione
676 2141 942 2231 [consequimur]‚
977 2147 1016 2208 ut
1057 2143 1258 2208 disceremus
1290 2143 1396 2208 David
1428 2146 1627 2228 prophetam

136 2250 397 2319 misericordiam
419 2254 633 2318 consecutum
657 2270 739 2319 esse.
785 2252 905 2318 Amen.

858 2414 900 2475 11

280 2527 410 2621 ⁴(Porro
433 2537 541 2602 scribo
564 2541 597 2603 et
619 2536 739 2619 incipio
763 2557 875 2602 coram
889 2536 1065 2600 lectoribus
1080 2536 1209 2599 ratione
1224 2536 1395 2620 praeditis)
1412 2536 1525 2625 [alium
1541 2545 1628 2606 trac-

136 2649 253 2724 tatum,
276 2645 334 2729 qui
357 2648 407 2709 est
430 2644 471 2709 de
493 2644 545 2709 his
568 2645 814 2727 quaestionibus
825 2641 845 2731 ε]
892 2642 967 2722 Qua
989 2643 1030 2706 de
1054 2662 1155 2707 causa
1178 2643 1294 2709 diebus
1317 2645 1409 2711 festis
1426 2652 1458 2712 et
1473 2651 1627 2715 omnibus

137 2753 254 2818 diebus
277 2747 413 2837 David¹)
437 2751 560 2816 utimur
583 2751 627 2816 ad
649 2751 774 2816 cultum
796 2751 944 2816 divinum
966 2751 1001 2815 in
1031 2751 1169 2816 ecclesia
1200 2754 1306 2834 magis
1339 2774 1440 2837 qnam
1473 2759 1627 2823 omnibus

138 2856 234 2949 [aliis]
258 2859 350 2924 libris
373 2857 499 2924 sacris?
545 2858 586 2923 lit
608 2859 652 2924 ad
668 2858 747 2942 quid
764 2859 940 2924 dividimus
964 2878 1040 2923 eum
1055 2858 1089 2922 in
1104 2855 1341 2944 laudationes2)
1358 2865 1390 2924 et
1405 2863 1627 2951 iaculatoria³)

138 2970 171 3033 et
193 2965 272 3052 quid
294 2964 479 3048 significant
500 2965 736 3053 laudationes⁴)
759 2965 907 3048 singulae
931 2962 1010 3053 [una
1032 2967 1109 3047 post
1132 2964 1268 3054 aliamlt
1314 2966 1366 3052 (Et
1390 2989 1448 3034 cur
1463 2973 1626 3053 partimur

137 3073 307 3139 dimidiam
329 3075 459 3156 partem
481 3071 711 3138 laudationum
734 3073 804 3137 eius
826 3072 860 3137 in
882 3071 1122 3158 sessiones?⁵))
1158 3071 1257 3151 Quod
1272 3080 1383 3141 autem
1399 3078 1504 3144 David
1521 3084 1626 3166 magis

134 3183 169 3246 in
191 3200 255 3246 usn
278 3179 395 3246 estad
418 3179 543 3246 cultum
564 3180 713 3245 divinum
735 3181 770 3245 in
793 3180 938 3260 ecclesia,
963 3199 1065 3263 quam
1088 3199 1203 3245 omnes
1235 3181 1319 3261 libri,
1344 3181 1396 3271 [ea
1427 3187 1469 3251 de
1501 3186 1547 3276 re]
1581 3191 1628 3255 sic

134 3288 341 3355 tradiderunt
362 3286 514 3354 doctores
536 3288 624 3372 pleni
647 3288 789 3371 Spiritus
813 3284 961 3376 [sanetilz
998 3287 1082 3353 Cum
1104 3288 1252 3353 viderent
1284 3288 1412 3380 [sancti]
1446 3298 1557 3377 patres
1591 3297 1625 3362 in

135 3396 272 3480 psalmis
295 3395 366 3461 eius
390 3392 485 3483 [libri]
509 3414 578 3461 non
601 3415 674 3461 esse
696 3396 922 3462 narrationem
945 3415 1054 3479 neque
1080 3394 1182 3483 [illam
1205 3396 1412 3487 formulam]:
1442 3401 1516 3482 „Sic
1549 3404 1627 3469 dicit

295 3661 318 3731 ²)
337 3671 356 3721 i.
376 3685 401 3721 e·
419 3667 488 3720 libro
507 3667 679 3736 psalmorum.

292 3751 501 3825 fffflpw

294 3841 317 3911 8)
337 3848 392 3900 cn.
410 3866 436 3915 p.
455 3841 505 3912 θ’).

294 3933 316 4000 ⁴)
334 3939 369 3991 V.
387 3938 462 3991 add:
481 3934 588 4004 „eiusf'

294 4024 317 4092 ⁸)
334 4029 462 4080 Fortasse
482 4028 640 4080 vertendum
658 4032 715 4079 eat:
734 4026 774 4078 Et
792 4042 841 4077 cnr
859 4024 959 4077 madiis
978 4023 1180 4079 laudationibus
1199 4030 1257 4080 aina
1275 4027 1338 4079 libri
1363 4033 1502 4084 caedimus
1531 4029 1625 4096 [intar-

133 4113 289 4184 rnmpimua]
309 4119 476 4170 aculonem?
511 4117 555 4169 Ad
573 4134 613 4184 pc.
632 4119 704 4168 enim
724 4119 760 4168 40
780 4131 888 4168 versum
912 4114 968 4167 fere
987 4130 1086 4167 nonum
1112 4118 1140 4167 in
1164 4120 1284 4185 margine
1311 4119 1344 4170 G.
1372 4137 1398 4186 p.
1432 4123 1463 4172 tl
1494 4125 1624 4190 acriptnm

134 4206 192 4259 eat:
211 4201 314 4271 (Abobt
324 4206 432 4272 mona
441 4203 624 4259 denuntior
632 4203 753 4272 ntbhijjc
763 4208 781 4258 i.
792 4223 816 4258 e.
826 4205 914 4268 Abobi
924 4209 1002 4259 nota:
1013 4207 1105 4259 Sectio
1116 4203 1264 4272 [librorum]
1283 4211 1401 4260 omnium
1414 4207 1626 4276 prophetarum.)

1114 4414 1231 4447 ΔΕ...
