3570 4754
76 530 166 615 siut)
192 532 276 595 sicut
299 550 413 595 revera
445 532 477 595 iu
511 530 549 594 iis
582 531 734 595 effectum
766 533 815 593 est
850 534 882 594 et
911 529 1010 593 hodie
1042 526 1106 614 [adl
1121 526 1172 615 uc]
1203 530 1234 593 in
1267 530 1378 594 multis
1409 531 1556 601 efficitur.

70 636 150 710 Quis
193 637 274 699 cuim
312 646 360 716 eet,
394 638 449 720 qui
489 635 606 718 ipone
639 639 733 699 citum
767 637 923 700 boninum
957 634 1181 719 ucliyiocorum,
1214 636 1270 721 qui
1302 659 1371 699 cum
1405 637 1440 700 iu
1474 647 1561 702 terra

69 745 142 826 siut,
186 745 371 808 meditentur
414 745 449 807 de
493 745 567 810 cocio
596 756 621 809 ct
661 767 731 811 curn
774 743 935 829 corporee)
970 745 1044 819 siat,
1079 744 1197 831 unydie
1234 746 1483 830 adaemoentnr'),
1516 746 1560 810 illi
1607 808 1609 815 .

70 853 190 935 quibus
214 873 315 917 causa
339 854 519 918 meditandi
542 855 583 919 de
606 855 704 918 rebus
729 853 953 934 spiritualibus
977 853 1125 917 recitatio
1150 854 1352 940 psalmorum
1369 855 1436 919 sit?
1475 854 1562 919 Nam

70 981 146 1025 cum
169 962 230 1024 is'e
252 961 334 1025 liber
357 962 513 1025 doctrinis
536 961 669 1025 utilibus
692 961 829 1025 refertus
853 961 904 1036 sit,
929 961 1013 1024 bene
1036 964 1069 1024 et
1092 961 1322 1025 convenienter
1337 963 1436 1026 etiam
1453 962 1560 1027 sancti

70 1073 183 1151 patres
197 1068 311 1151 nostri,
325 1087 400 1131 eum
412 1067 489 1149 dilig
501 1071 583 1132 ¹ntes
595 1067 782 1131 inventores
793 1071 903 1131 essent
912 1068 1050 1131 istarum
1060 1086 1169 1131 rerum
1180 1067 1374 1145 divinarum,
1386 1070 1564 1134 constitue-

70 1179 159 1252 runt,
176 1178 214 1237 ut
242 1175 330 1237 bunc
356 1173 476 1237 librum
505 1174 612 1237 solum
639 1174 712 1255 plus
741 1173 856 1238 ceteris
883 1175 1095 1239 recitaremus
1123 1178 1155 1239 et
1181 1175 1251 1239 sine
1277 1176 1468 1240 recitatione
1491 1195 1564 1240 ver·
1635 1209 1642 1226 ·
1679 1207 1687 1226 ·

70 1283 191 1346 borum
215 1282 284 1345 eius
309 1278 404 1367 [libri]
429 1301 527 1344 nemo
551 1280 594 1345 ad
618 1300 722 1344 onum
745 1300 786 1345 ex
820 1280 976 1361 gradibus
1010 1280 1236 1345 ecclesiasticis
1268 1281 1423 1345 accedere
1455 1286 1565 1363 potest

71 1411 179 1472 neque
203 1390 287 1453 inter
311 1388 488 1471 discipulos
512 1391 544 1452 et
567 1389 734 1452 ministros
758 1388 915 1453 ecclesiae
939 1389 1114 1453 numerari.
1143 1437 1145 1442 2

235 1497 373 1578 Oportet
396 1499 506 1560 autem
532 1496 630 1559 etiam
664 1496 743 1559 illud
776 1495 892 1572 dicere,
925 1515 992 1578 qua
1023 1497 1064 1561 de
1099 1516 1201 1562 eausa
1234 1495 1429 1585 [psalmista]
1462 1498 1564 1578 gratis

74 1606 165 1671 sonis
189 1605 361 1668 modorum
394 1603 595 1666 musicorum
627 1601 834 1684 prophetiam
873 1622 968 1666 suam
1001 1604 1235 1686 interpretatus
1270 1605 1319 1669 sit.
1377 1602 1489 1691 [Cuius
1520 1605 1567 1669 rei

75 1730 177 1776 causa
199 1712 279 1775 haec
303 1708 381 1795 estz]
429 1711 516 1791 Quia
540 1709 714 1791 magnifica
737 1712 770 1773 ct
794 1708 956 1773 mirabilia
979 1715 1073 1776 erant
1097 1708 1250 1798 [decreta]
1275 1712 1406 1776 diuinae
1435 1712 1567 1794 dispen-

75 1819 213 1883 sationis
237 1821 270 1880 cl
292 1818 391 1882 variis
416 1816 622 1898 temporibus
646 1815 836 1898 peragenda
860 1820 953 1881 erant
977 1821 1034 1882 aut
1058 1818 1147 1901 apud
1170 1818 1332 1902 populum
1354 1820 1452 1903 primi
1484 1824 1568 1884 tem·

75 1926 166 2009 poris
191 1925 361 2007 autapud
384 1943 500 1988 omnes
523 1923 673 1987 homines
697 1922 731 1987 in
754 1922 819 1987 fine
844 1921 1025 2012 [temporis]
1050 1929 1083 1989 et
1115 1945 1232 1990 omnes
1264 1927 1347 1992 istae
1379 1930 1492 2010 gentes
1524 1926 1568 1993 ad

75 2034 148 2098 illos
174 2030 227 2118 [sc.
251 2029 409 2118 psalmos]
434 2032 582 2095 animum
605 2031 805 2095 adversurae
830 2035 934 2109 erant,
958 2032 1042 2096 bene
1065 2033 1141 2098 iecit
1163 2031 1300 2120 [divina]
1319 2035 1461 2114 boullae,
1479 2033 1569 2117 quod

77 2142 121 2206 ad
145 2160 245 2205 sonos
269 2140 444 2204 modorum
469 2139 672 2203 musicorum
696 2141 728 2203 et
750 2139 860 2204 varias
884 2141 1024 2204 canendi
1046 2141 1193 2206 rationes
1217 2143 1319 2208 verba
1343 2143 1412 2209 eius
1436 2143 1470 2207 in
1496 2161 1568 2207 ear-

77 2248 222 2313 minibus
247 2247 441 2328 composuit,
465 2249 502 2309 ut
526 2250 694 2325 cumtam
718 2247 830 2311 dulces
855 2247 921 2312 sint
944 2247 1081 2326 auditui,
1105 2246 1197 2313 haud
1221 2248 1315 2314 facile
1330 2248 1441 2314 taedio
1459 2254 1569 2314 essent

78 2355 300 2439 audientibus,
326 2355 371 2418 ita
394 2357 431 2417 ut
455 2353 664 2418 multitudine
687 2353 870 2419 dulcedinis
895 2374 975 2418 suae
997 2354 1092 2420 facile
1125 2354 1291 2422 allicerent
1324 2358 1368 2421 ad
1401 2356 1569 2422 doctrinae

79 2464 150 2528 eius
175 2460 229 2548 [sc.
254 2460 343 2546 libri]
369 2481 526 2526 amorem.
574 2461 618 2526 Ut
641 2461 742 2526 etiam
765 2481 853 2527 nune
876 2462 972 2526 multi
1004 2462 1225 2543 inveniuntur,
1260 2465 1316 2547 qui
1350 2464 1383 2528 in
1417 2484 1475 2530 ore
1507 2466 1568 2530 suo

80 2571 226 2634 habeant
248 2573 360 2650 turpes
384 2572 511 2646 cantus,
545 2588 628 2651 quos
660 2572 782 2652 tamen,
816 2589 1019 2652 quamquam
1052 2571 1152 2635 verba
1186 2590 1300 2636 eorum
1333 2571 1430 2637 foeda
1462 2591 1570 2655 neque

80 2678 299 2762 prudentibus
333 2681 468 2759 accepta
509 2680 604 2760 sunt,
639 2677 717 2758 quia
750 2676 851 2758 gratis
893 2677 983 2740 sonis
1026 2677 1202 2759 compositi
1236 2682 1324 2763 sunt,
1357 2698 1423 2743 uon
1457 2677 1570 2743 taedet

82 2787 233 2851 homines
269 2787 417 2850 recitare.
475 2784 561 2848 Nam
596 2785 685 2848 velut
721 2803 760 2847 ex
795 2783 911 2848 auditu
948 2783 1119 2849 dulcedine
1153 2785 1328 2849 verborum
1361 2786 1429 2850 eius
1463 2784 1568 2871 [libri]

81 2894 335 2958 somnolentiam
370 2892 598 2956 Hebraeorum
641 2891 695 2955 illo
743 2893 893 2972 tempore
938 2893 1112 2957 excitabat.
1177 2894 1285 2958 Verba
1327 2897 1438 2958 autem
1483 2896 1570 2958 cete·

80 3023 194 3067 rorum
217 3001 377 3065 librorum
401 3000 478 3082 quia
495 2998 677 3062 carminum
693 2998 794 3062 modo
810 2998 898 3063 dicta
914 3003 990 3064 sunt
1003 3003 1035 3064 et
1047 3004 1182 3082 propter
1193 3001 1294 3066 verba
1307 3020 1392 3084 quae
1405 3020 1478 3065 cum
1498 3001 1569 3065 istis

83 3111 303 3196 [psalmorum
339 3105 555 3190 carminibus]
591 3107 766 3170 coniuncta
802 3110 889 3184 sunt,
919 3107 1146 3190 unusquisque
1176 3107 1271 3172 avide
1307 3108 1340 3173 in
1379 3106 1573 3172 memoriam

81 3219 196 3301 infigit,
242 3218 325 3281 sicut
371 3216 470 3279 eliam
523 3214 616 3279 facile
661 3215 751 3279 omni
794 3215 867 3279 loco
913 3215 1099 3280 recitantur.
1146 3216 1195 3280 lta
1219 3212 1275 3302 [si]
1299 3213 1462 3298 Sejamal)
1495 3218 1572 3279 ante

82 3325 262 3410 Sugitaml)
286 3325 354 3388 sive
378 3321 551 3406 ‘Onitam‘b
575 3322 652 3385 facit
675 3342 760 3386 unus
777 3341 817 3386 cx
833 3322 1008 3404 magistris,
1027 3322 1199 3386 materiam
1216 3341 1255 3386 ex
1272 3321 1343 3385 istis
1360 3321 1524 3402 depromit
1541 3324 1574 3385 et

83 3435 232 3499 versibus
277 3453 316 3497 ex
359 3432 430 3497 istis
465 3429 686 3515 [psalmorum
719 3428 843 3513 verbis]
877 3430 1057 3510 assumptis
1090 3429 1258 3511 componit
1290 3424 1434 3499 ‘Onitam
1466 3436 1573 3495 snam.

84 3543 178 3625 Quae
212 3539 344 3625 [verba]
379 3559 420 3602 ne
460 3538 610 3621 perfectis
650 3537 785 3620 quidem
818 3537 894 3600 viris
925 3540 1061 3619 propter
1093 3537 1303 3602 dulcedinem
1336 3554 1434 3600 suam
1463 3535 1573 3600 taedio

84 3652 171 3727 sunt,
218 3648 276 3712 sed
322 3647 418 3731 quasi
471 3664 642 3728 nunquam
702 3646 839 3710 recitata
889 3648 1011 3723 essent,
1064 3649 1224 3727 perpetuo
1272 3641 1389 3708 eadem
1436 3661 1573 3724 semper

85 3774 243 3821 canimus.
1392 3771 1395 3777 ·

245 4019 266 4083 ¹)
286 4028 304 4077 i.
324 4042 347 4078 e.
367 4025 523 4090 dignumne
542 4022 640 4084 medie,
660 4023 757 4089 quibus
777 4022 894 4086 Spiritus
913 4025 999 4073 sancti
1018 4023 1107 4088 gratio
1126 4025 1290 4074 conteratur.
1323 4022 1377 4072 cfr.
1396 4039 1422 4089 p.
1443 4024 1484 4072 25.

247 4110 269 4176 9)
290 4116 324 4167 ad
342 4132 383 4166 v:
403 4114 532 4166 carnales.

246 4199 268 4262 ³)
288 4207 386 4256 Variae
406 4206 510 4271 speeies
531 4204 700 4269 hymnorum.
