3570 4754
811 257 1127 360 wamiam

219 494 330 540 eorum
354 477 403 537 cst
427 493 444 536 e
467 460 598 553 regione
623 471 715 539 Gelo.
763 470 856 549 Quae
887 471 1016 553 scripsit
1050 472 1082 535 et
1115 469 1299 548 delineavit,
1324 469 1389 535 sint
1420 488 1480 552 pro
1513 460 1561 533 co
1584 472 1617 533 ct
1650 487 1710 550 pro

218 581 409 664 parentibus
434 581 502 644 cius
527 579 714 661 deprecatio
737 578 847 643 iudicii
870 578 1022 643 terribilis
1079 573 1217 640 Amen.“

377 687 546 770 Scriptura
581 689 630 750 est
662 685 858 751 Nestoriana
898 685 986 750 clara
1020 681 1158 767 punctis·
1182 681 1344 745 vocalium
1375 681 1477 764 signis
1517 687 1550 747 et
1581 682 1708 764 passim

218 799 319 860 etiarn
341 783 514 858 rukkalrha
537 797 569 858 et
592 793 729 875 kudiaja
752 792 921 876 appositis.
976 791 1168 856 Mendarex
1199 789 1326 871 vulgari
1361 788 1501 854 dialecto
1533 800 1608 855 orta
1640 810 1708 855 non

217 902 334 968 inveni.
381 900 472 965 Solet
495 904 605 965 autern
622 919 753 982 semper
768 899 910 964 scribere
935 900 1017 964 tabu
1046 916 1106 980 pro
1137 896 1243 961 tahhu
1266 900 1298 960 ct
1314 896 1441 963 similia.
1474 897 1587 962 Verba
1604 900 1711 962 textus

51 983 54 990 ²
120 1026 123 1033 ·
218 1008 424 1096 psalmorum
466 1007 596 1090 aliaque
637 1007 741 1071 verba
774 1006 867 1070 facile
899 1005 1087 1089 supplenda
1117 1004 1206 1068 velut
1237 1003 1345 1083 §ubba
1385 1008 1417 1069 et
1448 1005 1579 1083 mittha
1612 1024 1712 1087 saepe

131 1101 134 1156 j
218 1116 410 1181 abbreviata
433 1104 511 1179 sunt
524 1134 564 1179 ea
577 1114 716 1196 ratione,
730 1117 767 1178 ut
779 1132 907 1196 paucae
922 1116 1054 1177 tanturn
1068 1108 1181 1176 literae
1197 1111 1338 1194 scriptae
1355 1111 1429 1189 sint,
1447 1110 1581 1176 ultimae
1599 1115 1710 1175 autem

218 1223 334 1288 literae
358 1208 604 1304 superpositum
621 1222 663 1286 sit
680 1221 810 1303 signum
834 1219 876 1267 -1-
900 1220 969 1284 sive
997 1237 1032 1286 <
1060 1217 1348 1302 etposteamduo
1361 1221 1486 1299 puncta
1503 1219 1613 1300 posita
1634 1218 1711 1285 sint.

273 1318 275 1322 ’
378 1330 575 1412 Priusquam
598 1318 640 1393 de
664 1328 899 1393 commentario
931 1328 1137 1409 psalmorum
1172 1326 1228 1409 qui
1259 1326 1360 1411 longe
1392 1325 1549 1391 maiorem
1581 1329 1711 1408 partem

217 1437 361 1501 fasciculi
385 1437 449 1500 mei
474 1428 611 1515 obtinet,
634 1432 753 1514 dicam,
779 1435 980 1500 enumerabo
1005 1455 1045 1499 ea
1070 1434 1202 1516 scripta,
1237 1452 1323 1517 quae
1354 1433 1606 1499 introductionis
1639 1434 1711 1498 loco

219 1545 474 1626 praemittuntur
530 1542 614 1607 Sunt
636 1542 740 1610 haec:

171 1639 177 1646 ⁷
378 1654 408 1717 1.
432 1651 509 1732 Pag.
535 1643 655 1716 1-41.
672 1650 725 1714 tl.
760 1649 960 1714 introductio
981 1649 1023 1713 ab
1043 1649 1137 1728 Ahob
1164 1633 1336 1726 Katarensi
1344 1647 1364 1734 ¹)
1380 1648 1595 1730 compilatore
1610 1647 1711 1713 totius

381 2184 399 2253 ¹)
418 2192 459 2242 De
477 2193 555 2244 cuiue
574 2191 700 2256 operibus
726 2189 826 2256 legitur
848 2192 877 2240 in
901 2189 1031 2256 catalogo
1055 2189 1182 2241 librorum
1215 2190 1385 2256 syriacorum
1416 2185 1600 2252 Abdrio‘brive
1622 2190 1711 2242 Ebed·

223 2274 292 2343 hsn)
302 2280 466 2340 (Aascmanii
477 2282 507 2330 B.
520 2280 733 2331 OsBibliotheca
747 2279 892 2331 Orientalis
905 2279 943 2329 lll.
960 2281 982 2343 1,
998 2275 1060 2342 lte)
1079 2280 1149 2342 „Job
1163 2279 1317 2333 Catareusis
1335 2280 1484 2332 elaboravit
1502 2280 1710 2333 elucidationem

220 2373 303 2422 lotias
322 2372 385 2421 novi
404 2371 570 2423 Testamenti
589 2386 692 2422 necnon
702 2370 771 2435 legis
782 2366 820 2432 (id
834 2375 875 2421 eet
888 2368 1075 2432 Pentateuchi)
1087 2376 1115 2422 et
1124 2371 1241 2420 omnium
1251 2369 1437 2436 prophetarum
1448 2375 1554 2437 praeter
1565 2371 1706 2423 elucidati·

221 2477 297 2511 onem
317 2456 475 2510 Judicum.“
512 2461 563 2510 Pro
584 2456 746 2523 „Judtcum“
766 2461 919 2511 accuratius
936 2458 1078 2511 dicendum
1094 2466 1147 2512 eat:
1167 2462 1225 2513 eiua
1242 2463 1327 2527 partis
1340 2460 1496 2523 Bibliorum,
1512 2477 1608 2527 quasa
1626 2461 1711 2527 Syrie,

221 2549 307 2611 „Beth
327 2544 470 2599 Mantebe¹‘
489 2554 658 2615 nuncupatur
676 2559 703 2601 et
723 2549 770 2600 tros
789 2549 872 2601 libros
892 2550 1090 2616 complectiturr
1111 2550 1222 2600 Librum
1242 2550 1379 2612 Judicum,
1405 2549 1472 2600 duos
1491 2550 1574 2601 libros
1599 2550 1712 2616 Regum,

220 2641 286 2690 duos
314 2639 396 2688 libros
423 2638 537 2689 Chrouic
554 2655 625 2702 rum,
652 2638 717 2690 duos
744 2638 891 2702 Samuelis,
918 2639 983 2702 Job,
1010 2626 1118 2702 Jadith,
1141 2647 1169 2690 et
1193 2639 1262 2690 alios
1287 2638 1373 2691 lbros
1398 2638 1566 2705 apocryphos
1593 2633 1713 2704 (Badger

218 2728 264 2779 the
283 2728 441 2779 Nestorisue
460 2728 513 2778 and
530 2728 602 2778 their
620 2719 723 2789 rituale,
743 2729 856 2779 London
880 2731 945 2779 1852
964 2729 1018 2781 vol.
1037 2729 1066 2781 ll.
1090 2746 1116 2796 p.
1135 2731 1191 2791 87).
1217 2729 1272 2780 snb
1298 2745 1364 2781 voce
1391 2725 1613 2795 ,.propbetarum“
1642 2728 1710 2778 rnihi

221 2818 328 2883 quidem
358 2820 439 2869 etium
467 2818 511 2868 hic
539 2823 629 2869 nester
657 2821 865 2869 commentarius·
891 2820 919 2869 in
947 2819 1064 2886 psalmos
1089 2819 1277 2885 comprehendi
1302 2819 1416 2879 videtur,
1443 2820 1568 2884 quoniam
1593 2818 1713 2885 psalmos

220 2913 250 2958 nt
269 2908 423 2975 prophetiae
444 2908 530 2958 David
549 2908 703 2974 plerumque
724 2907 869 2973 explicavit
918 2904 945 2959 [n
962 2913 1027 2960 nota
1039 2907 1115 2960 addit
1128 2909 1317 2959 Assemanius:
1337 2907 1389 2958 Job
1403 2905 1566 2964 Catareusis,
1580 2905 1707 2958 Euchell·

222 2992 312 3061 [ersis]
335 2993 370 3061 [in
390 2998 534 3049 Tractatus
554 2997 733 3062 complectens
752 2998 909 3062 Hebedjesu
928 2998 1080 3064 catalogum
1099 2997 1228 3046 librorum
1248 2997 1382 3072 Syrorum,
1403 2996 1505 3047 Romae
1528 2990 1605 3059 rere]
1625 2994 1713 3058 Ahab,

221 3087 301 3137 litera
319 3086 419 3139 Jodin
439 3087 500 3138 Hed
523 3092 684 3152 permutata.
729 3087 785 3137 Sub
810 3088 904 3138 eodem
931 3087 1000 3138 Mari
1025 3085 1179 3152 patriarcha
1202 3087 1265 3134 vixit
1296 3087 1368 3135 circa
1396 3102 1494 3136 aunum
1520 3082 1599 3137 990.“
1627 3087 1713 3147 Quem

222 3191 320 3226 aunum
341 3190 392 3241 quo
411 3181 481 3228 teste
499 3175 673 3228 Asscmanins
692 3171 757 3240 (nou
777 3172 974 3238 Eceheltcnsis)
992 3175 1143 3238 tradiderit,
1162 3177 1263 3227 nescio.
1307 3174 1399 3240 Neque
1425 3192 1487 3227 vero
1513 3177 1542 3227 in
1566 3174 1617 3227 hoc
1640 3190 1713 3225 com·

223 3266 361 3327 mentatio,
388 3268 432 3330 qui
465 3282 533 3316 unus
558 3283 590 3316 ex
615 3267 674 3317 eius
699 3266 776 3317 libr-is
801 3281 885 3331 usqne
910 3266 945 3316 ad
968 3265 1019 3316 hoc
1044 3271 1150 3331 tempus
1176 3282 1315 3332 superesse
1343 3267 1458 3326 videtur,
1490 3267 1631 3325 iuvenitur,
1660 3281 1712 3330 quo

222 3358 358 3405 auctorem
378 3350 461 3404 multo
481 3354 625 3420 posteriore
645 3358 764 3420 tempore
782 3356 883 3407 vixisse
910 3354 1122 3406 concludendum
1147 3358 1192 3408 eit.
1233 3356 1367 3422 Georgius
1391 3358 1461 3408 erim
1485 3354 1642 3407 Arbelensis
1666 3349 1711 3413 (de

222 3460 273 3509 quo
292 3444 355 3494 vide
373 3450 463 3494 notum
483 3445 662 3510 sequentemt)
682 3447 751 3494 vixit
769 3443 877 3496 saeculo
897 3442 1001 3495 decimo
1021 3449 1048 3496 et
1066 3449 1186 3497 mortuus
1205 3450 1246 3496 est
1268 3449 1328 3513 post
1350 3461 1447 3496 aunum
1470 3447 1522 3496 987
1544 3440 1618 3510 (Syr.
1642 3444 1711 3493 Lus

222 3534 255 3584 W
284 3533 399 3600 Wright,
420 3536 443 3584 Α
463 3534 536 3586 short
553 3534 656 3601 history
675 3535 705 3585 ol
722 3535 817 3599 Syriae
837 3534 997 3598 Literature,
1016 3529 1337 3599 Loudon189tp.230).
1362 3533 1455 3600 Neque
1469 3536 1706 3584 commentatorum

224 3639 314 3674 sacrae
334 3625 490 3690 scripturae,
509 3640 576 3689 quos
595 3625 623 3673 in
641 3628 715 3690 parte
732 3627 828 3674 octava
842 3625 1009 3674 enumeravit
1022 3620 1067 3685 (de
1082 3623 1178 3687 quibus
1193 3621 1263 3673 intra
1277 3639 1293 3687 p
1318 3623 1353 3672 44
1367 3626 1395 3673 et
1410 3624 1445 3672 45
1458 3628 1537 3673 notae
1555 3618 1708 3681 asa-260)

225 3714 365 3779 quisquam
389 3718 509 3780 ternpore
535 3715 684 3779 posteriore
708 3714 809 3764 vixisse
829 3712 944 3763 videtur.
981 3712 1070 3769 Ahobi
1089 3715 1179 3762 autem
1206 3715 1365 3777 cognomine
1390 3710 1544 3762 Catarensis
1568 3704 1714 3775 (Katrajja)

224 3802 372 3869 significari
390 3802 497 3854 videtur
515 3819 576 3854 eum
595 3807 682 3853 ortum
701 3819 761 3853 esre
787 3818 802 3853 e
826 3803 937 3866 regione
963 3800 1169 3868 septentrionali
1194 3790 1313 3850 Arabiae
1337 3798 1477 3851 orientalis
1499 3797 1543 3850 vel
1569 3799 1674 3865 proprie
1698 3814 1714 3848 e

223 3892 369 3959 peninsula
388 3893 505 3945 Bahrein
524 3890 583 3955 (cfr.
602 3891 732 3954 Ntildelrr,
753 3891 796 3942 die
815 3906 869 3942 von
887 3890 969 3942 Guidi
987 3889 1224 3955 herausgegebene
1243 3870 1364 3953 syrische
1389 3887 1516 3946 Chronilr,
1540 3887 1619 3937 Wicn
1647 3888 1714 3937 1883

227 3977 251 4045 [e
271 3982 517 4049 Sitzungsberichte
537 3983 584 4034 der
602 3982 785 4034 kaiserlichen
803 3982 953 4050 Alsademie
972 3980 1019 4031 der
1037 3977 1269 4031 wissenschaften
1288 3979 1316 4028 iu
1330 3978 1417 4039 Wieu,
1431 3975 1713 4040 Philosophiam-hist.

225 4068 328 4132 Classe,
348 4073 423 4122 Band
445 4068 504 4136 128]
524 4090 550 4140 p.
570 4076 604 4123 ‘db
623 4089 648 4123 n.
669 4058 732 4122 tet
750 4090 776 4138 p.
796 4074 831 4123 47
850 4088 876 4122 n.
896 4067 931 4131 2).
969 4065 1002 4120 In
1020 4070 1092 4120 notis
1111 4070 1275 4134 enimqquae
1299 4068 1334 4119 ad
1357 4069 1574 4117 commentarium
1601 4065 1715 4124 addidit,

224 4161 307 4211 verba
326 4160 439 4225 Syriaco
456 4161 612 4212 nouaclum
631 4162 754 4212 Arabicis
774 4159 925 4226 explicavit,
945 4158 992 4212 sed
1012 4156 1095 4211 semel
1113 4159 1195 4210 etiarn
1214 4157 1248 4208 ad
1267 4173 1307 4223 ps·
1327 4160 1360 4208 le
1381 4153 1453 4218 (vide
1478 4160 1579 4206 textum
1599 4169 1660 4220 pag.
1680 4155 1713 4203 37

1706 4388 1736 4416 Δ
