3570 4754
715 395 828 414 m.
853 309 896 376 48

830 397 1034 415 W

135 524 267 606 regibus
300 522 355 606 qui
389 526 630 605 persequuntur
660 524 842 588 doctrinam
873 527 976 588 tuam.
1034 504 1205 608 „³Popodus
1231 532 1304 586 tum
1327 521 1526 584 laridandus*
1557 520 1631 612 [ilii]
1673 581 1676 586 .

134 631 190 714 qui
207 630 413 694 crediderunt
429 631 461 693 in
477 631 547 713 tc¹).
573 629 655 708 „Dio
676 630 857 717 cirtense)
881 630 1065 695 laudandos
1085 631 1193 695 reddis
1218 629 1315 709 cosi)
1340 629 1405 713 „lu
1421 629 1634 714 splendoribus

133 737 331 803 corroserit*
364 737 528 822 Deitatis⁸J
562 759 621 815 ‚poc
657 744 765 802 sciero‘
798 739 1007 821 baptismatis
1043 739 1258 804 constituetur
1295 739 1369 804 Tibi
1399 739 1452 804 lric
1486 740 1633 822 populus

134 845 231 910 laude
248 845 403 930 dignus).
448 846 515 909 Aut
539 845 594 910 ita.
634 844 696 930 „ln
719 845 936 932 splendoribus
957 847 1139 912 sanctuarii
1161 869 1196 909 roc
1211 846 1318 912 utero‘
1342 849 1361 913 i.
1385 869 1410 913 e.
1428 868 1448 912 a
1465 849 1634 914 creatione

135 959 192 1019 tua
216 952 332 1017 videris
350 954 541 1035 splendidus
559 959 591 1018 ct
608 959 742 1019 sanctus
766 959 798 1019 et
814 956 860 1019 sic
876 956 1044 1037 proferens
1070 953 1192 1042 [verba]
1218 975 1235 1019 c
1252 975 1394 1038 persona
1418 954 1633 1043 [innomine]

133 1062 251 1145 patris:
276 1061 328 1147 „A
346 1060 538 1147 pi·inc·ipio“‚
564 1063 677 1145 inquit,
702 1062 768 1145 „Tc
780 1083 914 1147 pecuum
934 1062 1030 1145 penui
1058 1061 1119 1127 Te“
1145 1063 1186 1126 ab
1203 1066 1336 1126 aeterno
1361 1067 1393 1127 ct
1416 1085 1436 1127 a
1461 1064 1624 1149 saecuio'‘)

287 1154 394 1257 {Infra
406 1170 438 1235 in
454 1168 606 1256 paginai:
623 1168 746 1257 (duob)
762 1172 813 1234 Ab
831 1173 963 1234 aeterno
986 1173 1050 1234 eta
1066 1170 1196 1234 saecuto
1214 1173 1274 1234 cte
1292 1174 1410 1236 natura
1427 1172 1530 1253 patris
1546 1173 1636 1238 iilius

136 1276 207 1364 [est]
231 1282 263 1342 et
282 1277 497 1354 essentialiter
520 1282 617 1342 natus
642 1281 718 1342 ante
735 1281 903 1342 creaturas
927 1280 959 1342 et
982 1297 1084 1358 supra
1100 1278 1212 1342 omnia
1235 1277 1345 1358 spatia
1369 1283 1401 1343 et
1417 1283 1527 1344 motus
1546 1284 1628 1346 tem·

133 1406 250 1468 porum
275 1383 456 1472 [sublimis].
503 1385 645 1450 Graecus
669 1389 780 1449 autem
804 1385 894 1448 dicit:
920 1382 974 1462 „E
990 1393 1088 1448 ventre
1112 1387 1225 1448 ctcrrtc
1247 1382 1425 1469 laederent.
1453 1385 1558 1453 Gonni
1582 1396 1636 1454 tc“

135 1493 212 1558 dicit
235 1494 275 1558 de
300 1514 348 1572 00,
374 1496 410 1557 ut
437 1493 591 1558 ostendat
624 1512 699 1557 eum
729 1513 796 1558 non
821 1513 993 1559 senescere
1027 1512 1132 1574 neque
1162 1475 1357 1557 commutari
1390 1495 1547 1561 filiatione
1573 1518 1639 1564 sua

135 1603 219 1666 sicut
243 1622 312 1667 nos.

293 1709 434 1774 Puerum
473 1713 583 1774 autern
623 1714 719 1774 vocat
750 1729 823 1773 eum
866 1712 902 1772 ut
935 1707 1054 1772 indicet
1087 1728 1162 1772 eum
1203 1707 1305 1772 tilium
1341 1730 1412 1773 csse
1451 1708 1531 1798 [sed]
1566 1733 1637 1778 non

135 1821 373 1882 commutatum
398 1816 491 1904 [alius
515 1822 653 1883 naturae
684 1839 721 1882 ac
749 1813 867 1903 pater],
892 1816 975 1880 sicut
999 1816 1101 1879 fliium
1134 1815 1223 1897 apud
1246 1821 1331 1882 nost.
1379 1816 1548 1901 „filerunt
1572 1820 1639 1886 Do-

134 1924 241 1989 minus
265 1946 355 2009 ireque
386 1925 593 2008 infitiabitni·“
622 1926 708 1990 hanc
741 1923 1040 2007 promissionemipz
1074 1921 1146 2006 „To
1175 1945 1202 1984 es
1232 1923 1370 1988 sacerdos
1398 1925 1433 1988 in
1455 1926 1637 1992 saeculnm

136 2031 297 2117 (revera)
322 2034 354 2096 et
378 2033 598 2097 sacerdotium
622 2053 719 2098 suum
744 2031 814 2096 aliis
830 2051 896 2096 non
920 2030 1029 2095 tradet
1046 2029 1109 2109 „cd
1124 2029 1369 2096 sirnititodinem
1396 2033 1637 2113 Mdciriscdek“

136 2140 192 2222 qui
216 2159 282 2204 non
306 2140 439 2204 tradidit
473 2141 692 2204 sacerdotium
724 2160 820 2205 suurn
849 2139 920 2203 aliis
951 2158 1058 2222 neque
1088 2139 1247 2203 sacrificia
1276 2140 1468 2206 animalium
1504 2145 1638 2224 obtulit,

137 2248 195 2312 sed
218 2268 339 2330 panem
363 2253 394 2312 et
417 2248 568 2332 vinum8).
615 2248 810 2327 „ilicinis-us
824 2250 852 2309 'a
868 2244 984 2311 destris
1000 2247 1086 2310 tuis“
1111 2248 1198 2311 omni
1223 2251 1371 2329 tempore
1395 2254 1427 2313 et
1442 2252 1579 2332 perfecit
1604 2253 1640 2318 in

136 2356 183 2420 Te
207 2375 339 2420 omnem
362 2356 641 2437 dispensationem
670 2376 764 2421 susm
794 2376 853 2438 pro
878 2355 1103 2438 redemptione
1127 2356 1283 2422 omnium.
1330 2356 1414 2437 (Hoc
1438 2357 1562 2425 dictum
1586 2367 1641 2427 est
1701 2376 1703 2423 3

138 2466 178 2529 de
213 2466 383 2530 Abraham
412 2485 486 2529 curn
515 2465 615 2530 exiret
646 2485 720 2529 cum
749 2464 900 2529 trecentis
937 2462 1014 2527 viris
1045 2466 1159 2526 contra
1183 2463 1294 2544 copias
1324 2468 1466 2545 quatuor
1497 2473 1639 2553 regum.)

141 2571 320 2660 „Confrcpit
343 2573 391 2636 dic
413 2572 480 2638 irae
502 2578 595 2634 suoc“
620 2572 721 2657 tilios)
746 2569 874 2656 ‚pcpcs‘
900 2571 955 2653 qui
979 2570 1143 2635 irruerant
1167 2574 1282 2634 contra
1307 2591 1382 2635 eum
1407 2577 1439 2638 et
1463 2574 1640 2657 castigavit

137 2693 170 2746 et
193 2683 323 2763 subegit
347 2677 434 2768 [eos]¹
481 2680 655 2766 (Dominus
684 2684 796 2745 autem
820 2682 945 2759 noster)
974 2675 1161 2756 ‚findimbit
1180 2676 1308 2760 peritos‘
1337 2680 1369 2743 in
1400 2680 1517 2745 iudicio
1542 2683 1640 2752 altori

137 2791 245 2874 (quasi
277 2794 314 2855 ut
345 2789 459 2855 liberet
490 2809 545 2854 eos
578 2809 597 2852 a
629 2788 754 2853 Satana
785 2793 818 2853 et
847 2785 1022 2870 „implebit‘
1053 2785 1231 2849 Ecclesiam
1266 2806 1361 2851 suam
1387 2788 1638 2873 ‚,coduvcribus“

139 2896 285 2985 [eorum]‚
299 2898 355 2980 qui
367 2896 487 2963 mortui
503 2898 579 2961 sunt
594 2895 746 2979 peccato)
763 2900 795 2960 et
811 2893 993 2981 ,‚impiebit‘
1008 2894 1193 2976 gehennam
1220 2893 1458 2972 ‚concauus
1477 2900 1640 2985 eorumm)

139 3009 192 3086 „et
213 3005 327 3070 decidet
350 3008 446 3088 capot
467 3002 618 3089 [capito]
640 3001 812 3069 multorum
834 3002 870 3068 iu
893 3008 997 3066 teram
1022 3001 1252 3085 promissionis
1313 3005 1360 3069 De
1385 3005 1494 3086 gladio
1520 3004 1639 3094 [bello]

298 3291 319 3359 ¹)
340 3297 358 3348 S
377 3296 443 3348 add.
463 3298 500 3347 ut
518 3295 696 3348 adhaeserunt
716 3298 774 3347 tibi.
812 3292 844 3345 B.
869 3297 907 3347 Η.
926 3289 1032 3359 218,29.
1070 3297 1122 3358 Qui
1147 3296 1316 3349 crediderunt
1342 3298 1370 3347 iu
1393 3297 1432 3348 To
1461 3303 1488 3349 et
1506 3298 1641 3354 adhaesa·

139 3394 199 3439 runt
218 3388 291 3438 Tibi.

297 3472 318 3538 2)
339 3477 366 3528 Β.
385 3476 460 3528 add:
476 3476 614 3527 Adventus
634 3478 674 3526 tui
694 3474 808 3528 secundi
829 3493 843 3528 s
864 3476 938 3527 coeio

296 3561 322 3631 3)
340 3568 374 3618 Β.
393 3567 429 3619 Η.
448 3560 547 3628 218,30
592 3562 617 3618 Ι.
636 3585 661 3618 e.
682 3568 710 3616 in
730 3565 847 3616 adventu
866 3565 924 3616 'l'uo
944 3565 1061 3616 secundo
1081 3565 1230 3616 laudandos
1250 3565 1335 3617 facies
1354 3585 1408 3618 eos.

298 3653 362 3719 *rs
391 3659 425 3708 n.
445 3650 553 3720 alepi.
584 3633 612 3706 Ἰ.
633 3674 660 3708 ..
680 3656 802 3708 certans.
858 3659 861 3668 ·

299 3744 323 3812 5)
342 3743 377 3799 Β.
396 3743 431 3799 Η.
450 3740 557 3810 21832.
583 3743 609 3797 ·I
637 3764 660 3797 e.
682 3751 737 3798 stc.
756 3746 827 3796 sicut
845 3744 877 3794 G.

300 3832 322 3900 6)
342 3833 374 3889 B.
393 3832 419 3886 Η
447 3830 586 3899 219341.
607 3854 630 3890 s.
650 3837 684 3888 ab
704 3840 813 3888 aeterno
833 3839 860 3886 et
878 3852 894 3885 a
913 3835 1021 3886 saeculo
1041 3835 1100 3901 Ego
1120 3841 1204 3901 pater.

299 3920 321 3988 7)
340 3923 363 3976 Β
392 3923 427 3979 Η.
446 3921 545 3989 21⁹‚36
564 3927 588 3978 Ι.
608 3944 632 3978 e.
652 3931 702 3978 etc.
723 3927 794 3977 sicut
813 3925 847 3975 G.

298 4010 320 4078 ⁸)
339 4011 371 4066 B.
391 4011 429 4067 Η.
448 4010 544 4080 219,38
562 4012 585 4065 Ι.
605 4033 629 4069 c.
649 4017 695 4082 qui
713 4031 767 4065 non
785 4013 917 4066 sacrificia
936 4016 1090 4067 animalium
1111 4021 1161 4067 etc.
1182 4015 1260 4068 idem.

298 4099 320 4168 9)
340 4102 372 4158 Β.
392 4101 419 4154 Η
447 4099 589 4165 219,391.
609 4123 635 4156 e.
655 4106 698 4157 dis
718 4106 874 4156 novissimo.
911 4105 1035 4156 Srects:
1056 4102 1163 4157 Iudicio
1184 4110 1341 4160 novissimo.

300 4189 333 4261 10)
352 4191 375 4244 Β
403 4190 440 4247 Η.
459 4189 558 4260 219,40
577 4191 599 4245 Ι.
619 4213 642 4248 e·
662 4196 811 4262 gehennam
832 4194 1007 4247 cadaveribus
1026 4197 1177 4260 impiorum.
