3570 4754
718 292 1038 394 metim

294 505 444 573 tertium:
468 525 616 588 eaquae
647 508 724 570 sunt
757 504 982 570 commentarii
1013 503 1098 569 illius
1127 501 1296 579 breviaria,
1331 502 1364 566 in
1395 501 1506 565 codiee
1544 521 1618 564 meo

135 611 227 676 uncis
251 612 376 678 inclusa
399 616 432 677 et
455 613 691 678 commentario
714 612 853 694 longiori
875 612 1015 687 inserta3
1313 607 1316 613 ’

172 790 175 798 ,
294 724 467 803 quartum:
492 731 589 786 notas
613 720 745 784 nomine
768 720 863 798 Ahob
888 718 1077 798 Katarensis
1101 717 1282 802 insignitas,
1308 736 1393 800 quae
1429 717 1624 798 plerumque

134 826 169 891 in
192 826 338 909 margine
364 829 577 911 manuscripti
601 829 664 893 mei
689 827 739 891 vel
763 827 796 892 in
830 827 981 891 interiere
1012 828 1107 907 parte
1138 825 1279 908 paginae
1304 825 1437 890 additae
1461 827 1538 887 sunt
1571 823 1624 886 vel

134 934 230 999 linets
255 954 274 998 a
298 934 424 1018 reliquo
448 938 538 1001 textu
562 939 736 1018 separatae
760 939 837 1000 sunt

299 1042 450 1124 Quorum
473 1043 536 1107 tria
559 1043 676 1108 ultima
698 1042 784 1107 linea
807 1041 970 1106 subducta
1003 1041 1186 1123 significata
1219 1043 1306 1104 sunt.
1361 1038 1481 1120 Excipe
1513 1041 1625 1103 autem

135 1148 406 1214 commentarium
430 1149 526 1231 primi
549 1148 679 1231 psalmi,
703 1149 795 1214 euius
820 1153 853 1214 et
875 1148 1095 1213 Berolinensis
1119 1152 1151 1213 et
1174 1148 1238 1212 mei
1262 1146 1476 1228 manuscripti
1508 1149 1621 1210 textus

136 1256 223 1320 adeo
248 1255 397 1320 diversus
422 1260 481 1336 est,
499 1260 543 1321 ¹ut
565 1260 703 1340 uterque
728 1256 876 1322 edendus
901 1276 973 1321 esse
997 1255 1189 1342 videatur¹).

294 1363 455 1429 Omnibus
480 1369 591 1430 autern
614 1367 671 1448 qui
695 1385 748 1430 me
773 1369 805 1461 et
829 1365 963 1430 oonsilio
988 1368 1021 1429 et
1044 1383 1143 1446 opere
1168 1364 1364 1429 adiuverunt
1387 1362 1420 1426 in
1435 1362 1499 1426 hoe
1514 1360 1626 1424 libello

135 1471 347 1551 conficiendo,
371 1473 532 1555 imprimis
556 1474 656 1539 etiam
679 1473 719 1538 iis
736 1473 792 1556 qui
808 1476 967 1554 praesunt
983 1471 1188 1536 bibliothecis
1204 1475 1236 1536 et
1251 1469 1430 1553 pontificali
1448 1469 1627 1533 Vaticanae

133 1577 184 1666 (Ρ.
206 1578 316 1663 Ehrle)
341 1583 373 1644 et
394 1579 580 1662 Borgianae
605 1580 747 1666 (Cissea)
772 1583 804 1643 et
827 1579 935 1661 regiae
958 1578 1161 1643 Berolinensi
1186 1582 1218 1643 et
1241 1577 1351 1660 regiae
1374 1580 1508 1641 nostrae
1539 1574 1628 1639 Pau-

137 1685 223 1750 linae
246 1684 495 1752 Monasteriensi
519 1687 648 1753 debitas
671 1686 793 1770 gratias
818 1686 934 1752 refero.
991 1718 993 1727 ι

293 1949 312 2020 ¹)
331 1957 400 2009 Vide
419 1958 448 2007 T.
468 1976 493 2025 p.
516 1962 545 2010 19
564 1974 621 2025 sqq.
658 1953 691 2008 In
720 1960 791 2010 notis
826 1959 959 2010 variorum
980 1958 1217 2023 manuscriptorum
1241 1956 1371 2008 lectiones
1394 1955 1493 2007 addidi.
1533 1955 1623 2006 Morus

151 2049 240 2097 autem
276 2047 414 2099 verberum
452 2049 616 2099 inverstones
652 2064 705 2098 non
745 2047 872 2098 iudicavi.
915 2047 1008 2114 Neque
1033 2045 1184 2112 significavi
1218 2045 1382 2097 differentias
1416 2062 1486 2096 mere
1525 2045 1615 2096 ortbo·

134 2135 283 2203 graphieas‚
293 2137 396 2189 velutsi
405 2139 532 2204 seriptum
543 2147 582 2190 est
593 2140 620 2188 in
634 2135 794 2201 fl„ar'1tn“in
808 2132 1047 2200 S„ru'1thu“,inuno
1056 2128 1346 2201 manuscripto„‘amb‘'
1354 2136 1382 2185 in
1390 2135 1473 2186 altero
1488 2133 1614 2197 „‘ommo,

138 2241 226 2291 neque
245 2227 269 2277 si
294 2243 340 2291 pro
365 2232 436 2278 statu
467 2233 619 2279 constructo
648 2243 725 2294 quem
751 2229 871 2294 sequitur
898 2227 1040 2279 Genitivus
1069 2225 1183 2277 Gbabet
1213 2226 1410 2277 substantivum
1436 2241 1495 2276 eum
1522 2225 1618 2277 suffixo

135 2315 314 2381 pronominali
333 2321 463 2383 sequente
482 2317 649 2369 substantivo
668 2333 729 2368 enm
748 2315 765 2367 d
785 2315 908 2368 relativo.
948 2317 968 2366 u
994 2316 1024 2368 B.
1042 2315 1253 2367 H.¹Barbebraei
1272 2317 1463 2366 commentario
1476 2310 1529 2375 (ed.
1546 2316 1575 2365 Ρ.
1589 2316 1622 2368 de

133 2405 268 2473 Legerda,
286 2407 538 2460 Praetermissorum
557 2403 620 2458 libri
640 2407 701 2468 duo,
721 2407 865 2473 Gottingae
889 2408 965 2458 1879.
1008 2406 1133 2472 Gregorii
1155 2404 1303 2472 Abulfarng
1327 2407 1354 2455 in
1380 2405 1477 2455 librum
1501 2405 1622 2457 Psalmo-

133 2512 191 2548 rum
211 2497 397 2548 adnotationes
416 2514 442 2563 p.
462 2499 495 2549 97
515 2497 587 2564 sqq-l
604 2513 658 2548 non
676 2499 730 2548 nisi
749 2496 951 2548 adversionem
970 2497 1061 2547 varias
1086 2495 1219 2546 lectiones
1243 2494 1340 2556 adieci,
1364 2497 1429 2561 quia
1453 2495 1522 2545 alias
1549 2500 1622 2546 totns

135 2588 190 2640 ie're
210 2592 301 2638 textus
320 2586 480 2653 repetendus
494 2593 560 2637 eret.
597 2581 632 2638 In
649 2588 773 2637 versione
788 2602 820 2636 ea
833 2585 919 2637 verba
937 2601 1006 2652 quae
1026 2585 1059 2635 ad
1079 2600 1185 2636 sensum
1200 2586 1296 2637 melius
1310 2584 1508 2651 exprimendum
1522 2584 1625 2645 addidi,

136 2679 215 2729 urreis
247 2673 412 2743 angulatis[
448 2672 583 2740 linelusi,
614 2677 682 2727 alios
706 2692 790 2727 uncos
817 2681 926 2726 etextn
957 2675 1071 2742 Syriaco
1102 2676 1216 2741 repetivi
1248 2672 1258 2738 (
1295 2669 1625 2738 ).01n.aomisir.,a‹1d.2

135 2767 248 2831 addidit,
267 2766 293 2817 h.
313 2766 406 2817 when
424 2766 544 2818 verbum.
