3570 4754
201 507 271 572 edet
302 529 407 574 corum
438 518 491 574 eo“
528 511 755 595 Babylonios')
792 517 836 589 „ot
874 510 1031 575 comburet
1060 511 1209 575 inimicos
1241 511 1330 575 aare
1376 511 1506 586 (mediis
1539 510 1695 574 cordibus

202 617 371 680 hominurn
399 617 602 702 [habitantes
627 640 669 683 se.
692 617 889 705 passionesl)
914 618 1044 682 eosdem
1070 617 1125 705 [se.
1147 615 1356 704 Babylonios)
1381 618 1572 699 prinsquam
1598 617 1696 680 adve-

203 725 292 789 nient
316 725 359 789 ad
383 727 558 790 terminum
582 727 651 791 eius
671 727 866 813 (mortem)‘·'i
916 729 1200 806 „⁴Iltustrooorrnrt
1215 727 1357 812 fulpura
1378 727 1476 803 eiur“‚
1502 733 1600 808 (quae
1616 729 1697 789 sunt

203 831 303 895 verba
328 833 410 914 eius)
439 832 632 908 „inondum¹
659 837 728 919 (eos
762 837 816 918 qui
847 836 996 918 creduut)
1025 838 1140 900 nuntio
1169 837 1323 900 victoriae
1348 855 1427 899 suae
1486 833 1629 912 „Vinion
1665 841 1697 899 et

203 937 461 1004 conturbamur
485 941 623 1023 terru“·¹)
648 940 758 1023 (plena
781 945 919 1025 peccati)
954 949 986 1007 et
1014 947 1181 1007 commota
1205 947 1282 1008 sunt
1305 947 1414 1007 eastra
1437 941 1696 1025 Babyloniorum

203 1049 357 1130 operibus
381 1049 449 1112 eius
472 1049 680 1113 terribilibus.
731 1050 809 1126 „⁵Et
832 1059 982 1128 ruorrtes“‚
1007 1072 1091 1133 quae
1116 1056 1192 1115 sunt
1221 1071 1322 1133 regna
1340 1050 1567 1134 populorum⁵)
1596 1050 1696 1114 (servi

204 1160 354 1233 satanae)
381 1156 484 1233 „siout
506 1176 579 1220 cero
602 1155 773 1238 liquefacti
795 1166 885 1222 strut‘
913 1159 987 1242 igne
1010 1179 1137 1241 poenae
1154 1179 1266 1223 eoram
1289 1179 1328 1224 eo
1353 1156 1600 1245 [procedente¹)]
1630 1179 1696 1233 „co-

204 1286 275 1329 ram
299 1263 447 1341 Domino,
473 1262 611 1327 Domino
633 1265 736 1329 omnis
759 1270 883 1330 torae
911 1271 943 1330 et
966 1271 1110 1330 creatore
1128 1268 1284 1331 omnium.
1336 1266 1571 1342 „⁶Aunnutiote
1594 1262 1698 1346 codd)

207 1371 365 1436 iuditium
389 1370 478 1435 eins“
507 1371 575 1455 (illa
598 1392 677 1436 voee
700 1393 765 1454 qua
789 1373 916 1437 locutus
940 1377 990 1437 est
1013 1378 1124 1456 pater:
1154 1374 1238 1451 „Hie
1262 1377 1308 1438 est
1330 1373 1420 1454 silius
1443 1393 1531 1437 rneur
1560 1370 1698 1434 dilectus

205 1501 265 1565 quo
289 1478 501 1564 comprecor)
538 1486 585 1555 „et
615 1479 717 1543 videte
745 1501 851 1544 ornnes
868 1481 1017 1565 populi“‚
1042 1483 1097 1563 qui
1122 1482 1270 1565 discipuli
1301 1481 1369 1545 eius
1393 1481 1469 1544 sacti
1499 1479 1587 1556 estis
1625 1475 1698 1553 „lro-
1773 1490 1781 1540 ε

208 1607 314 1652 uorem
337 1586 441 1666 eirrs“‚
466 1607 566 1669 quam
588 1607 744 1669 magnum
769 1592 800 1652 et
816 1593 934 1670 potens
959 1591 1000 1653 sit
1021 1590 1158 1653 verbum
1176 1591 1255 1666 eine,
1281 1591 1314 1653 in
1332 1589 1379 1672 iis,
1405 1608 1489 1669 quae
1514 1587 1588 1650 lecit
1611 1588 1699 1649 iuter

206 1696 365 1761 inimicos.
416 1692 726 1779 „¹Coufuuduutur“
754 1696 919 1778 (proinde)
957 1697 1160 1776 „omnesqui
1183 1695 1462 1761 strenuitate
1495 1691 1569 1775 (diis
1602 1696 1698 1758 vanis

208 1799 457 1889 [mendacibuslt
494 1807 555 1878 „eu
591 1804 731 1867 adorant
768 1824 823 1867 eos
857 1807 955 1886 atque
988 1804 1071 1869 adeo
1108 1803 1308 1890 „plotini-ntur
1340 1805 1476 1867 statuisl
1514 1799 1642 1887 tidelis),
1679 1823 1699 1866 a

206 1911 325 1993 quibus
357 1930 424 1973 non
456 1909 663 1974 adiuvantur.
714 1909 869 1986 „Adorate
897 1920 988 1975 enrr‘
1024 1912 1124 1993 thane
1147 1912 1315 1975 hominem
1338 1932 1396 1974 vos
1430 1913 1517 1995 eum)
1542 1909 1698 1972 omnibns

208 2019 332 2100 angelis
356 2017 464 2099 eiuS,⁸)
489 2019 544 2099 qui
568 2022 644 2081 sunt
668 2019 836 2083 domestici
868 2023 937 2083 eius
961 2021 1033 2084 loeo
1066 2020 1195 2084 illorum
1221 2020 1405 2095 stultorum,
1438 2018 1493 2099 qui
1529 2021 1699 2098 permuta-

208 2130 324 2190 verunt
348 2145 420 2189 eum
447 2145 523 2188 eum
546 2125 639 2190 idolis
699 2126 852 2203 „⁸Arrdiet
875 2124 1210 2192 taruennensem
1238 2126 1336 2209 (qnae
1356 2129 1406 2190 est
1426 2125 1561 2190 ecelesia
1584 2125 1700 2188 catho-

207 2234 281 2316 liea)
315 2233 393 2315 quio
426 2234 611 2297 oeciderunt
643 2239 868 2316 persecutores
901 2236 995 2303 eiust,
1034 2243 1082 2311 „et
1119 2233 1310 2298 eurrttobuut
1344 2231 1431 2310 filiae
1463 2229 1588 2294 mauu
1631 2230 1702 2312 (qui

208 2341 375 2404 confessus
400 2345 448 2404 est
473 2341 561 2424 eum)
585 2343 605 2405 i.
631 2363 658 2405 e.
683 2342 805 2424 oppida
829 2342 987 2424 ludae,¹⁰)
1011 2343 1090 2424 quia
1115 2340 1294 2425 exibunt')
1320 2341 1419 2405 etiam
1444 2339 1526 2421 illae,
1563 2343 1599 2402 ut
1630 2358 1701 2402 res·

208 2448 375 2530 pondeant
400 2448 562 2512 laudibus.
613 2448 771 2534 „Propter
787 2448 913 2514 leodicia
930 2453 989 2514 tuo
1005 2448 1163 2513 Dornirre“
1191 2449 1274 2512 inter
1291 2452 1403 2529 gentes
1426 2445 1538 2532 [iactu]
1565 2444 1702 2528 (quibus

208 2557 334 2622 iudiciis
359 2555 596 2622 condemnatus
622 2561 671 2621 est
699 2557 816 2634 malus,
848 2558 907 2621 erit
935 2557 997 2621 hoo
1028 2556 1197 2639 gaudium)
1229 2560 1261 2619 et
1292 2554 1551 2636 redemptionem
1576 2572 1704 2616 eorum·

213 2665 338 2744 „⁹Qur'u
371 2670 406 2729 tu
437 2684 470 2727 ee
505 2663 669 2729 Dominus
701 2663 860 2729 exultatus
897 2685 995 2749 super
1026 2685 1148 2728 ornnem
1182 2670 1319 2728 bremond
1360 2663 1392 2725 in
1427 2662 1564 2725 veritate
1592 2679 1703 2741 neque

211 2771 314 2859 [vero]
349 2774 381 2836 in
405 2773 577 2837 mendacio
636 2772 703 2850 „Et
727 2771 817 2836 viride
848 2772 1007 2837 exultatus
1034 2773 1085 2837 es“
1119 2772 1343 2853 redemptione
1368 2770 1450 2847 Tua,
1484 2789 1585 2850 quam
1608 2768 1702 2845 iacis,

209 2901 329 2964 ‚pnper
345 2902 451 2945 omnes
471 2880 566 2944 deoe‘·
587 2877 789 2965 (mendaces)
814 2879 1014 2965 gentiumffl).
1061 2878 1184 2958 „¹⁰an
1203 2877 1342 2960 dilipaal
1360 2875 1546 2952 Dominum,
1563 2874 1705 2939 oderunt

371 3094 393 3166 ¹)
413 3096 444 3148 B.
465 3094 501 3147 Η.
520 3096 626 3159 205,27.
664 3093 685 3147 Ι.
708 3107 729 3145 e.
751 3090 928 3158 Babylonios.

369 3186 392 3255 υ)
412 3185 442 3237 Β.
463 3184 497 3237 H.
517 3184 622 3249 20538.
660 3183 682 3236 Ι.
704 3198 725 3236 θ,
747 3197 807 3235 eum
834 3183 1006 3237 combureret
1025 3181 1201 3248 Babylonios

373 3271 396 3342 3)
417 3273 449 3325 Β.
470 3272 504 3326 H.
524 3271 541 3324 l.
562 3289 584 3325 o.
605 3272 680 3327 add:
700 3271 815 3339 Fulgnr.

370 3363 393 3434 ⁴)
413 3365 445 3417 B.
464 3363 499 3416 Η.
519 3363 615 3428 205,29
637 3363 713 3416 add:
733 3361 893 3428 Babylonis.
1177 3426 1178 3432 ἵ

370 3453 393 3524 ¹)
414 3455 445 3509 Β.
465 3455 498 3508 Η.
519 3455 625 3519 205‚29.
662 3452 684 3505 I.
705 3467 726 3505 e.
746 3465 835 3519 reges,
855 3450 903 3516 qui
922 3451 1060 3504 adiuvant
1079 3465 1148 3504 eum.

371 3544 392 3605 ⁰)
413 3545 445 3597 B.
464 3544 499 3597 H.
520 3543 624 3607 rouel.
663 3541 684 3593 I.
706 3556 727 3594 e.
748 3540 813 3607 igne
832 3547 893 3604 ete,
913 3540 986 3593 siout
1005 3539 1037 3592 G.

372 3632 394 3702 ¹)
414 3634 445 3686 B.
465 3632 499 3686 Η.
519 3632 536 3685 l.
558 3649 578 3685 e.
599 3633 620 3685 I.
642 3647 663 3684 e.
685 3629 812 3696 equibus
826 3629 966 3683 descendit
985 3644 1067 3696 super
1086 3644 1132 3683 eos
1152 3628 1404 3683 iudiciiseutentia.
1437 3628 1462 3680 S.
1482 3628 1505 3680 E
1526 3642 1578 3693 quo
1601 3625 1705 3697 [coelo]

212 3723 354 3776 descendit
376 3722 531 3791 [Dominus]
553 3723 588 3775 ad
606 3720 747 3775 iudicium.

371 3814 395 3885 ⁸)
415 3814 460 3869 n:
482 3813 597 3882 „Omnes
617 3809 709 3878 angeli
729 3808 813 3864 eius“.

372 3903 395 3974 ¹)
415 3905 446 3957 B.
467 3903 500 3956 H.
522 3902 627 3966 205,33.
665 3901 687 3954 Ι.
707 3917 729 3954 e.
751 3900 816 3967 quia
835 3906 896 3965 eto,
916 3899 988 3953 siout
1008 3898 1039 3951 G.

364 3993 398 4063 ¹⁰)
418 3994 450 4046 B.
469 3992 504 4045 H.
524 3991 541 4044 l.
562 4007 582 4044 o.
602 3989 683 4045 idem.

361 4082 396 4154 ¹¹)
416 4083 442 4137 S.
462 4081 534 4148 Quia
554 4079 688 4135 exierunt.

361 4171 396 4243 l¹)
416 4173 441 4226 S.
461 4169 613 4225 Exultatus
632 4184 661 4223 ee
680 4185 763 4238 super
782 4183 874 4225 omnes
895 4169 960 4224 deos
979 4167 1169 4234 redemptione
1188 4171 1284 4220 nostra
1304 4182 1386 4232 quam
1405 4163 1482 4220 iacis.
