3570 4754
672 401 990 415 numm-»mmmmm

85 527 277 592 mentatoris
303 524 358 613 [so.
382 523 558 613 Theodori]
584 529 683 609 atque
706 527 806 593 etiam
837 529 1026 612 prophetice
1050 530 1201 613 explicati
1223 533 1310 607 sunt,
1333 529 1433 593 alium
1458 531 1572 610 typum

84 635 315 717 significantes
365 634 412 700 15.
437 635 524 698 Tota
547 634 719 699 elucidatio
746 635 885 719 explicit.
946 639 992 703 ru.
1023 637 1126 702 Porro
1160 636 1332 702 elucidatio
1365 634 1573 699 canticorum

83 743 185 807 Mosis
212 744 244 805 et
266 741 382 807 Jsaiac.
440 742 490 806 17.
523 741 672 824 Hymnus
705 742 872 807 Wardae“
907 743 954 828 [et
987 743 1051 808 alia
1083 743 1147 807 huc
1170 762 1235 807 non
1259 739 1470 826 pertinentia]
1496 739 1574 823 (Cir.

84 851 121 916 T·
146 869 176 934 r·
203 848 268 933 aa).
1561 918 1563 925 ,

244 956 291 1020 Ex
315 977 380 1039 quo
405 959 598 1037 argumento
623 956 703 1019 mihi
728 956 861 1039 quidem
887 957 1012 1021 elucere
1035 957 1173 1034 videtur,
1197 961 1307 1041 partes
1323 952 1573 1021 introductionis

83 1070 116 1130 et
140 1066 248 1148 ipsum
273 1064 546 1128 commentarium
570 1083 645 1129 cum
669 1083 767 1147 opere
790 1065 933 1129 fasciculi
958 1066 1021 1129 mei
1045 1066 1218 1130 convenire
1248 1082 1355 1147 neque
1386 1061 1572 1125 breviorem

83 1172 358 1237 commentarium
381 1171 481 1235 rubro
506 1170 615 1236 colorc
638 1172 795 1253 scriptum
817 1170 999 1254 longiorem
1022 1173 1218 1255 praecedere
1240 1174 1332 1254 puto,
1345 1168 1415 1234 ¹sed
1439 1169 1521 1233 sicut
1538 1168 1574 1231 in

83 1279 204 1345 codicis
227 1277 292 1341 mei
316 1276 475 1358 originali,
500 1297 560 1342 suo
582 1277 655 1342 loco
679 1278 837 1343 insertum
861 1298 933 1343 esse
987 1280 1084 1345 Hunc
1106 1281 1204 1362 igitur
1219 1278 1365 1345 codicem
1381 1277 1408 1342 si
1425 1275 1476 1341 cui
1493 1293 1570 1338 cum

82 1385 245 1468 originali
267 1384 485 1465 manuscripti
508 1385 583 1449 mei·
598 1390 631 1449 et
654 1385 764 1450 codicc
787 1385 1073 1475 Beroline'nslSet
1101 1387 1336 1452 commentario
1361 1381 1572 1459 Barhebraei,

83 1494 141 1577 qui
165 1495 202 1556 ut
225 1491 304 1556 vidit
328 1492 499 1574 Baetbgen
513 1492 548 1557 in
563 1492 676 1558 multis
692 1512 768 1558 curn
784 1498 897 1559 nostro
916 1491 1359 1578 commentarioconvenit1),
1378 1508 1572 1571 comparare

82 1599 203 1678 licebit,
235 1602 312 1663 tunc
337 1599 591 1664 commentarius
615 1602 736 1679 noster,
769 1621 835 1683 qua
865 1621 927 1683 par
958 1605 1016 1687 est,
1050 1601 1217 1683 diligentia
1250 1601 1301 1665 edi
1335 1599 1465 1682 poterit.
1519 1596 1572 1660 Ad

84 1710 224 1772 formam
270 1725 350 1771 sane
383 1707 559 1788 genuinam
593 1709 819 1773 commentarii
850 1709 1016 1773 Theodori
1049 1709 1272 1790 Mopsuesteni
1306 1704 1571 1789 cognoscendam

85 1816 189 1880 multo
213 1815 348 1880 maioris
372 1816 531 1880 momenti
567 1815 637 1894 erit,
673 1819 803 1896 praeter
833 1817 1018 1899 fragmenta
1052 1816 1183 1882 Graeca
1215 1815 1347 1880 residua
1378 1812 1484 1878 versio
1517 1810 1573 1874 illa

87 1923 222 2007 antiqua
245 1922 371 2001 Latina,
397 1942 498 2010 quaro
521 1942 622 2005 supra
647 1924 910 1988 commemoravi.
957 1923 1023 1988 Sed
1046 1923 1186 1988 sortasse
1210 1923 1391 2006 posteriore
1422 1923 1571 1999 tompore

86 2050 210 2115 eorum,
235 2029 292 2112 qui
314 2028 415 2093 literis
440 2028 580 2111 Syriacis
604 2029 747 2108 student,
772 2029 917 2095 intererit
941 2031 1099 2117 iudicare,
1124 2050 1190 2114 qua
1214 2030 1320 2095 forma
1337 2029 1389 2093 hic
1405 2044 1571 2092 commen·

81 2137 185 2204 tarius
209 2154 227 2199 e
249 2135 414 2200 Theodori
438 2154 538 2217 opere
562 2136 786 2215 concinnatus,
812 2139 963 2220 quamvis
987 2139 1116 2204 aridum
1141 2142 1174 2202 et
1197 2140 1295 2201 tenue
1311 2156 1394 2224 opus
1413 2134 1464 2220 sit,
1482 2131 1571 2214 apud

79 2243 296 2310 Nestorianos
329 2243 470 2307 traditus
506 2244 556 2309 sit.
614 2243 709 2308 Nunc
741 2246 898 2327 quoniam
930 2265 972 2310 ne
1004 2246 1134 2328 copiam
1167 2245 1300 2328 quidem
1331 2243 1417 2308 illius
1451 2240 1571 2306 codicis

80 2351 296 2418 Octdanensis
320 2351 465 2416 nancisci
488 2351 590 2434 potui,
615 2353 696 2417 satis
719 2353 799 2417 mihi
822 2353 939 2419 fecisse
962 2353 1085 2432 videor,
1109 2353 1136 2416 si
1161 2353 1257 2417 edam
1285 2352 1348 2416 has
1379 2353 1489 2433 partes
1522 2348 1571 2411 in·

78 2459 295 2524 troductionis
320 2477 364 2522 sc.
388 2459 540 2546 primam,
565 2459 730 2526 secundae
752 2462 857 2543 partis
880 2465 1019 2544 partem,
1044 2465 1208 2544 quartam,
1238 2460 1397 2543 quintam,
1432 2461 1569 2536 sextam,

79 2566 255 2648 septimam
280 2569 312 2629 et
335 2566 482 2648 psalmos
514 2567 668 2648 primurn,
694 2569 885 2648 secundum,
920 2569 1209 2652 quadragesimum
1241 2568 1403 2651 quintum,
1437 2569 1570 2651 septua-

78 2674 243 2756 gesimum
277 2673 469 2757 secundum,
503 2674 719 2738 centesimum
748 2680 780 2739 et
811 2680 922 2758 partes
955 2677 1097 2742 aliorum
1137 2676 1352 2758 psalmorum,
1395 2694 1483 2757 quae
1528 2673 1571 2739 ad
1654 2718 1656 2722 2

78 2780 249 2846 Christum
272 2780 467 2860 reseruntur,
492 2801 567 2846 curn
591 2783 827 2847 commentario
852 2804 921 2849 suc.
1208 2864 1211 2868 ,

241 2887 289 2952 Ac
323 2887 531 2969 psalmorum
567 2890 699 2972 quidem
739 2893 848 2956 textus
887 2892 989 2955 verba
1024 2890 1217 2956 abbreviata
1250 2891 1411 2973 supplebo
1442 2892 1570 2953 retento

77 2997 197 3059 tamen
220 2993 315 3078 signo
340 2995 597 3060 abbreviationis
621 2995 663 3043 -1-
687 3014 748 3062 suo
771 2998 854 3077 loco,
879 3002 915 3062 ut
939 3017 1018 3062 usus
1043 2998 1207 3062 scribendi
1230 2997 1376 3063 fasciculi
1401 2996 1465 3061 mei
1497 3015 1568 3060 om·

79 3101 157 3166 nino
182 3105 353 3183 appareat,
377 3104 604 3168 commentarii
628 3107 740 3168 autem
771 3124 827 3170 eos
850 3106 950 3184 locos,
968 3103 1024 3188 qui
1040 3105 1074 3169 in
1090 3105 1203 3170 codice
1219 3104 1422 3169 Berolinensi
1439 3105 1567 3183 desunt,

77 3208 163 3274 linea
187 3209 350 3274 subducta
385 3211 592 3298 significabo.
640 3212 693 3277 Sic
725 3212 758 3276 in
795 3213 1030 3278 commentario
1056 3213 1111 3277 illo
1146 3213 1207 3277 has
1240 3215 1351 3295 partes
1384 3213 1568 3278 discernere

77 3317 222 3398 poteris:

235 3424 396 3506 primurn:
418 3427 544 3491 textum
568 3426 771 3510 psalmorum
795 3432 828 3493 et
843 3428 1125 3510 commentarium,
1143 3429 1198 3512 qui
1214 3432 1246 3494 et
1265 3429 1299 3494 in
1321 3449 1395 3494 meo
1412 3427 1568 3494 fasciculo
1669 3498 1671 3502 ,

78 3533 112 3594 et
137 3528 172 3593 in
195 3530 306 3595 codice
329 3530 533 3597 Berolinensi
556 3534 697 3598 habetur
720 3536 764 3601 ad
786 3536 952 3600 Theodori
976 3557 1059 3619 opus
1083 3537 1355 3624 reducendum²);

235 3638 438 3704 secundum:
462 3639 563 3704 verba
587 3641 678 3706 uncis
702 3661 770 3706 non
792 3642 918 3708 inclusa
941 3663 1026 3726 quae
1050 3664 1253 3727 quamquam
1279 3645 1312 3709 in
1336 3644 1449 3708 codice
1465 3645 1565 3709 Bero-

70 3743 192 3808 linensi
215 3743 345 3824 desunt,
370 3749 481 3810 tamen
505 3747 547 3811 ad
571 3747 736 3814 Theodori
760 3752 1032 3817 commentarium
1056 3752 1196 3818 sortasse
1220 3752 1408 3818 reducenda
1432 3757 1527 3831 sunt3

234 4010 549 4083 occanum

232 4099 255 4168 2)
273 4107 400 4172 Exceptis
419 4109 526 4160 scilicet
544 4109 599 4160 illis
619 4109 810 4161 additamentis
829 4114 1044 4164 commentatorio
1063 4112 1168 4178 Syriaci
1187 4113 1220 4165 dc
1238 4116 1334 4180 quibus
1349 4117 1406 4182 egit
1422 4114 1561 4181 Bacthgcn

72 4194 101 4245 Z.
120 4196 143 4247 f.
160 4212 185 4247 a.
204 4201 224 4246 t.
244 4197 286 4248 W.
310 4199 377 4248 1885
397 4214 423 4263 p.
443 4200 557 4264 57-60,
577 4215 645 4266 quac
665 4202 692 4251 in
711 4200 743 4250 Τ.
763 4199 835 4251 linea
854 4203 1007 4267 serpentina
1026 4204 1178 4270 subscripta
1197 4203 1361 4270 significavi.
