3570 4754
660 374 751 388 w
795 285 837 350 27

70 505 157 566 sunt.
205 501 244 565 Et
267 501 409 583 hymnos
433 501 526 565 beati
549 501 655 566 David
679 502 735 584 qui
760 500 879 565 docent
904 499 944 564 de
969 499 1064 564 exilio
1089 503 1121 564 et
1143 499 1250 564 reditu
1273 499 1415 564 tiliorum
1449 501 1559 576 lsrael,

72 608 316 696 [interpretatus
341 607 400 694 est]
426 610 551 691 accepit
574 609 627 673 ille
651 609 700 672 vir
724 627 796 672 esse
821 626 980 690 magnum
1003 607 1195 690 mysterium
1220 606 1261 671 de
1284 607 1392 688 priore
1426 607 1562 688 captivi·

71 720 139 781 tate
172 718 302 780 animae
338 720 369 780 et
404 717 445 781 de
481 717 543 781 hoc
578 717 682 781 reditu
715 716 784 780 eius
809 716 863 798 qui
887 715 952 780 tide
975 716 1008 780 in
1033 715 1200 780 Christum
1224 715 1386 798 perlectus
1416 718 1475 779 est.
1524 715 1562 779 Et

71 826 118 888 sic
142 825 400 906 interpretantur
424 824 522 888 etiam
548 824 635 889 illam
654 821 923 910 [similitudinem]
941 824 982 888 de
998 824 1131 906 triginta
1150 827 1182 888 et
1198 822 1368 905 sexaginta
1383 825 1416 887 et
1432 825 1563 887 centum

73 931 269 1020 [fructibus]‚
293 933 428 1014 triginta
453 929 599 1019 [fructus]
625 931 829 1014 appellantes
854 931 1111 1010 matrimonium,
1136 931 1307 1013 sexaginta
1331 932 1454 995 statum
1470 930 1564 993 vidu-

73 1060 167 1105 arum
192 1044 224 1104 et
248 1043 380 1104 centum
405 1040 633 1122 virginitatem.
683 1039 821 1122 Propter
845 1060 928 1122 quas
946 1040 1126 1105 sententias
1142 1038 1345 1122 perversas')
1363 1059 1445 1122 quas
1462 1037 1565 1121 depo-

72 1152 209 1212 suerunt
233 1149 265 1212 in
291 1148 459 1230 scripturis
483 1148 562 1226 suis,
586 1147 657 1230 ipse
681 1150 713 1211 et
737 1151 916 1212 sectatores
941 1147 1134 1230 dogmatum
1151 1147 1231 1224 eius,
1250 1148 1437 1210 statuerunt
1453 1151 1564 1228 patres

72 1257 178 1320 nostri
202 1256 300 1339 beati,
326 1255 574 1337 delegeremus
598 1254 747 1318 inlibris
772 1274 894 1319 eorum.
941 1255 1079 1336 Insuper
1110 1254 1143 1318 in
1174 1254 1312 1318 historia
1343 1253 1566 1333 ecclesiastica

73 1363 233 1428 Eusebius
258 1362 494 1445 Symmachum
524 1365 557 1426 et
591 1361 746 1442 Aquilam
780 1366 812 1425 et
844 1361 1053 1446 Theodotis')
1085 1363 1131 1426 ait
1163 1364 1342 1439 sectatores
1375 1379 1565 1426 sermonum

73 1469 356 1555 Ebionisfuisset),
368 1470 558 1552 illiusaquo
572 1470 691 1534 Paulus
701 1469 940 1534 Samosatenus
951 1470 1341 1552 acccpitabnegationem
1350 1488 1566 1551 personarum
1640 1525 1644 1536 .
1701 1519 1706 1534 .

73 1578 143 1642 Filii
168 1578 288 1642 scilicet
313 1581 346 1641 et
364 1576 506 1660 Spiritus
525 1574 661 1663 [sanctil.
708 1577 748 1641 Et
766 1577 848 1641 scito
865 1577 1042 1642 familiares
1060 1578 1248 1663 Symmachi
1264 1577 1437 1662 ludaeos⁴)
1454 1577 1564 1654 luisse,

74 1685 224 1750 homines
249 1684 371 1766 peritos
395 1684 526 1768 linguae
549 1684 732 1748 Hebraicae
756 1687 788 1747 et
805 1682 956 1750 Graecae.
991 1685 1031 1749 Et
1047 1689 1224 1768 postquam
1241 1686 1340 1749 fidem
1357 1686 1564 1766 acceperunt,

74 1793 275 1875 reliquerunt
298 1791 487 1873 religionem
511 1790 682 1855 iudaicam
707 1794 739 1856 et
762 1791 913 1874 discipuli
937 1792 1013 1858 facti
1037 1798 1115 1859 sunt
1138 1793 1269 1858 Domini
1291 1794 1406 1860 nostri.

784 1955 870 2015 vm.

237 2077 351 2163 (Porro
378 2078 550 2143 scribimus
575 2078 710 2143 nomina
735 2079 907 2143 doctorum
932 2083 1064 2161 patrum
1089 2080 1360 2163 orthodoxorum,
1385 2098 1568 2161 equorum

76 2207 176 2252 sensu
200 2187 413 2253 confirmatus
439 2190 488 2251 est
512 2186 564 2250 hic
588 2187 670 2251 liber
694 2190 726 2251 et
760 2206 903 2269 quorum
938 2187 1264 2268 interpretationibus
1299 2186 1484 2251 declaratus
1517 2191 1567 2251 est

76 2294 232 2359 eceteris
256 2294 346 2357 libris
370 2293 509 2377 sacris.⁵)
556 2293 684 2357 Primus
716 2294 879 2360 Diodorus
912 2297 944 2357 et
978 2294 1173 2360 Theodorus
1206 2298 1239 2359 et
1278 2294 1460 2374 Nestorius,
1493 2294 1567 2359 Mar

78 2400 234 2488 [sanctus]
272 2403 427 2483 Ephrem,
463 2402 606 2465 loannes
643 2401 916 2487 Chrysoslomus,
946 2402 1125 2488 lho‘dad⁶)‚
1161 2402 1298 2481 setibha
1333 2404 1388 2485 qui
1413 2407 1462 2467 est
1486 2403 1569 2481 Satn·

240 2741 261 2811 ¹)
281 2747 334 2797 Cir.
356 2749 411 2798 Mat
442 2749 498 2810 ias
519 2748 664 2813 squarc
692 2749 734 2808 4,3
755 2764 811 2814 sqq.
832 2749 889 2798 Luc
911 2749 955 2806 8,4
975 2763 1032 2813 sqq.
1070 2749 1188 2809 Quorum
1203 2747 1319 2798 locorum
1335 2743 1571 2814 interpretationes

78 2856 137 2889 cum
158 2841 227 2888 inter
245 2854 326 2903 opera
346 2838 473 2902 Origenis
492 2854 545 2886 non
564 2840 615 2887 iam
636 2839 750 2888 existere
775 2837 924 2898 videantur,
943 2837 1012 2888 lianc
1040 2840 1200 2889 sententiam
1230 2855 1282 2888 nnn
1303 2840 1392 2889 iuveni
1449 2837 1572 2889 Ceterum

78 2930 149 2980 hunc
169 2929 256 2979 locum
277 2927 370 2979 eadem
391 2930 493 2978 ratione
513 2928 658 2992 explicavit
690 2927 761 2978 lteda
788 2927 951 2978 venerabilis
980 2929 1007 2978 in
1036 2929 1203 2979 executione
1234 2929 1260 2977 in
1282 2927 1371 2977 leucae
1401 2927 1572 2992 evangelium

79 3036 94 3068 c
124 3019 188 3069 Vll.
208 3017 311 3080 (Ilioenc
331 3035 351 3068 s.
373 3018 434 3068 Lat.
455 3019 488 3068 aa
516 3016 566 3066 rel.
588 3020 641 3067 472
661 3015 702 3075 lt).
741 3017 818 3078 Quod
846 3017 926 3067 verbo
946 3021 1024 3067 tenus
1043 3022 1209 3082 assumptum
1239 3021 1281 3066 cst
1308 3031 1341 3065 ex
1369 3033 1389 3066 s.
1416 3015 1575 3081 Hieronymi

63 3107 139 3159 adv·
159 3107 333 3158 Iovinianus}
354 3106 370 3156 l.
391 3107 409 3157 l.
429 3121 479 3170 cap
507 3114 523 3163 Ι.
555 3106 656 3170 (Migne
677 3123 697 3154 si
718 3107 778 3157 Lat.
798 3107 831 3155 23
851 3105 902 3156 col.
929 3107 980 3155 213
1002 3101 1042 3166 Β).
1080 3105 1202 3157 Eandem
1231 3105 1436 3170 explicationem
1467 3107 1558 3154 inveni

79 3214 138 3247 mus
164 3198 192 3246 in
211 3196 370 3246 homiliariis
395 3195 475 3246 niedii
505 3197 574 3245 nevi.
622 3195 674 3245 Cir.
704 3195 792 3255 Ornet,
825 3195 985 3246 Gescliichte
1015 3195 1062 3246 der
1090 3195 1238 3246 deutschen
1267 3193 1380 3259 Predigt
1407 3196 1442 3245 im
1473 3193 1575 3245 utiter-

80 3287 148 3337 nltcr
166 3303 192 3352 p.
214 3288 272 3336 100.

241 3369 262 3436 ⁹)
284 3376 301 3425 i.
322 3392 344 3424 c.
365 3374 587 3424 'theodotionem

239 3458 261 3525 ³)
284 3464 423 3524 daubins,
443 3463 505 3514 hist.
526 3464 715 3515 ecclesiasten
735 3460 840 3531 (iligna
860 3482 911 3516 se.
940 3466 984 3516 Gr.
1010 3460 1075 3527 xil.)
1102 3463 1132 3514 L.
1159 3462 1192 3513 Vl
1227 3479 1250 3515 c.
1279 3463 1355 3514 XVll.
1383 3461 1574 3526 Symmachum

81 3554 250 3603 Ebionnenm
272 3553 508 3614 fuissetiadit31.
530 3551 564 3613 V.
592 3570 606 3603 c
644 3557 659 3604 8
690 3561 780 3605 autem
812 3555 1026 3605 Theoilotionem
1056 3553 1203 3620 Ephesium
1232 3558 1260 3602 et
1279 3552 1403 3617 Aquilam
1435 3552 1579 3602 Ponticum

83 3644 234 3710 proselytos
253 3644 383 3693 ,Iudaicos
413 3644 506 3704 fnisse,
537 3659 647 3709 quorum
677 3644 814 3695 ‹lectrinas
843 3644 975 3695 Ebionaei
1005 3643 1120 3709 amplexi
1149 3648 1238 3693 essent
1293 3641 1387 3708 Neque
1415 3657 1479 3691 vero
1508 3642 1580 3707 ipsos

80 3735 232 3784 Ebionnoos
252 3733 336 3784 fuisse
356 3732 504 3784 contenuit.
543 3729 608 3783 Item
630 3735 656 3782 iu
676 3735 800 3784 versione
822 3733 946 3798 Syriaca:
971 3730 1116 3782 L'histoire
1136 3731 1307 3784 ecclesiast..
1331 3767 1337 3780 .
1359 3767 1364 3780 .
1385 3748 1412 3796 p.
1432 3733 1481 3781 aar
1504 3729 1573 3781 iufra

240 3817 261 3882 ⁴)
281 3823 425 3884 Eusebius,
447 3823 508 3873 hist.
528 3823 623 3872 eccll
652 3826 702 3872 bc
729 3825 745 3872 8
767 3821 922 3887 Symmachi
950 3823 1111 3873 mentionem
1131 3837 1186 3870 non
1205 3821 1281 3871 facit.

241 3906 264 3974 ⁶)
283 3911 410 3962 Fortasse
430 3912 526 3963 melius
545 3929 607 3976 pro:
628 3918 672 3974 „et
691 3928 802 3977 qnorum
825 3951 828 3959 .
849 3948 856 3962 .
877 3909 919 3962 .“:
940 3912 1027 3974 „sicut
1050 3912 1131 3961 etiam
1156 3911 1251 3961 ceteris
1269 3910 1347 3960 libris
1367 3910 1451 3959 sacris
1473 3909 1582 3958 demon.

81 3999 210 4054 alr-atinae
231 4019 262 4051 ex
282 4018 371 4052 corum
394 3998 440 4064 [si.
462 3998 574 4067 patrum]
596 4002 861 4067 interpretationibus
882 3996 1058 4066 [deprompta]
1072 3995 1088 4022 ‘'

244 4086 266 4151 ⁰)
287 4091 451 4153 Merwensis,
472 4099 501 4140 nt
519 4093 633 4154 videtur,
648 4094 724 4141 erius
743 4093 950 4142 commentarius
964 4091 991 4140 in
1003 4089 1120 4156 psalmos
1134 4091 1248 4140 existere
1263 4089 1363 4140 dicitnr
1377 4091 1403 4138 in
1418 4087 1585 4138 bibliotheca

84 4181 256 4246 patriarchae
277 4182 439 4230 (truecornm
462 4182 716 4245 Hierosolymitani‚
737 4179 786 4232 ct'r.
807 4179 865 4246 Syr
887 4180 934 4228 Lit
962 4181 1014 4230 220
1034 4196 1073 4245 sq.
