3570 4754
783 879 809 943 Ε
831 878 915 943 libro

291 1063 915 1182 ELUOIDATIONIS
960 1060 1401 1182 PSALMORUll

217 1274 304 1338 beati
328 1272 434 1338 David
457 1272 543 1356 regis
569 1275 602 1337 et
626 1272 821 1358 prophetae,
846 1291 945 1354 quem
967 1271 1044 1336 iecit
1065 1271 1140 1337 mar
1162 1270 1256 1364 A,h⁰b
1280 1270 1483 1365 Katarensis.

748 1466 945 1542 VERSIO.

834 1647 858 1709 L

259 1771 355 1835 Liber
377 1768 658 1833 introductionum
680 1770 884 1850 psalmomm
908 1769 997 1834 beati
1027 1769 1133 1834 David
1164 1770 1250 1854 regis
1284 1774 1317 1835 et
1347 1770 1530 1854 prophetae
1553 1774 1586 1836 ct
1718 1858 1720 1862 .

102 1879 208 1943 cordis
232 1877 401 1959 Domini.¹)
429 1911 466 1923 -
491 1875 630 1939 Domine
652 1879 767 1941 noster
790 1877 912 1942 adiuva
935 1878 1005 1944 met
1030 1876 1113 1943 Cum
1136 1877 1203 1957 tibi,
1228 1898 1248 1943 o
1267 1877 1313 1943 mi
1333 1878 1465 1943 domine
1488 1877 1590 1943 lector

100 1987 254 2063 studiose,
264 1984 408 2066 primum
418 1982 610 2047 annuntiem
621 1981 895 2049 introductionem
905 1984 1109 2067 psalmorum
1117 1982 1254 2071 (domini
1263 1984 1363 2064 Ahub
1372 1983 1587 2069 Katarensis),

98 2092 305 2178 anteomnia
322 2094 452 2174 oportet
469 2090 561 2173 loqui
580 2089 620 2155 de
639 2090 780 2157 utilitate
806 2091 881 2157 libri
892 2088 1119 2180 [psalmorum]
1134 2095 1166 2157 et
1178 2091 1219 2157 de
1231 2092 1342 2157 multis
1355 2092 1587 2156 emolumentis

97 2220 182 2285 quae
194 2220 233 2264 ex
244 2219 282 2264 eo
292 2199 464 2263 lucrantur
474 2198 496 2262 ii
505 2197 561 2280 qui
572 2198 886 2280 contemplationem
897 2203 930 2265 ct
940 2199 1219 2264 examinationem
1229 2218 1400 2265 sacrorum
1409 2198 1585 2264 verborum

96 2310 166 2375 eius
190 2311 380 2391 sequuntur.
426 2304 492 2371 Sed
516 2324 591 2369 cum
615 2325 730 2371 omnes
753 2306 830 2371 libri
854 2309 938 2372 sacri
969 2305 1017 2392 (ii)
1050 2307 1106 2389 qui
1139 2307 1245 2390 gratia
1278 2306 1421 2391 Spiritus
1455 2303 1586 2394 [sancti]

98 2417 178 2482 dicti
221 2413 252 2503 [i.
286 2438 313 2480 e.
347 2410 507 2500 inspirati]
542 2416 620 2477 sunt
652 2417 685 2478 et
717 2414 829 2497 scripti
861 2419 947 2500 sunt,
979 2413 1075 2480 utiles
1108 2415 1174 2480 sint
1207 2412 1418 2502 [hominibus]
1451 2413 1583 2479 ratione
1612 2472 1615 2477 .

95 2522 252 2606 praeditis
277 2521 319 2586 ad
342 2520 581 2604 possidendum
597 2517 857 2608 [acquirendum]
873 2523 1026 2589 timorem
1042 2521 1140 2601 Ded),
1157 2525 1194 2588 ut
1211 2521 1291 2587 dicit
1306 2522 1424 2587 beatus
1440 2520 1584 2588 Paulus:

97 2628 205 2692 Omnis
241 2628 324 2710 liber,
362 2628 475 2713 quiin
511 2628 630 2714 spiritu
667 2627 730 2692 Dei
765 2629 898 2715 smptus
936 2634 990 2705 est,
1024 2628 1146 2694 utilitas
1195 2627 1225 2717 [i.
1271 2649 1297 2698 e.
1344 2626 1444 2716 utilis]
1483 2629 1585 2711 libris,
1668 2634 1685 2711 ¹,

95 2745 136 2802 cst
157 2737 201 2800 cd
223 2736 396 2802 doctrinam
419 2739 451 2801 et
475 2740 593 2815 cetera,
617 2736 705 2801 hunc
728 2736 850 2802 librum
864 2739 1048 2803 invenimus
1065 2736 1161 2802 valde
1177 2737 1327 2802 altiorem
1343 2757 1416 2802 esse
1432 2737 1585 2803 omnibus

95 2849 127 2910 et
164 2845 320 2909 'refertum
360 2841 539 2931 [doctrinis]
578 2844 722 2911 utilibus,
782 2843 869 2909 Nam
908 2864 1023 2912 omnes
1057 2844 1130 2909 libri
1165 2844 1310 2927 singulas
1345 2848 1457 2928 partes
1497 2842 1585 2933 [doc-

98 2950 244 3040 trinae]³)
268 2953 398 3030 docent,
422 2952 475 3016 hic
510 2955 621 3016 autem
654 2953 797 3034 perfecte
830 2950 860 3039 [i.
895 2973 922 3018 e.
957 2953 997 3017 de
1027 2952 1182 3018 universa
1214 2949 1373 3039 doctrina]
1406 2952 1585 3036 praedicat,

95 3062 173 3144 quia
196 3061 268 3126 loco
291 3061 387 3144 quasi
410 3059 527 3143 capitis
561 3063 611 3124 est
643 3060 741 3142 plane
773 3060 902 3144 corpori
934 3060 1093 3126 librorum
1126 3081 1305 3127 sacrorum.
1362 3058 1469 3149 [Nam]
1502 3060 1587 3127 sicut

95 3169 220 3234 habent
243 3170 372 3251 singula
394 3169 545 3234 membra
568 3169 716 3252 corporis
739 3169 890 3252 proprios
915 3169 1048 3234 effectus
1072 3187 1133 3251 pro
1156 3167 1336 3251 indigentia
1367 3167 1468 3232 totius
1502 3164 1586 3254 [cor-

94 3274 207 3364 poris]‚
231 3277 339 3341 visum
359 3277 451 3340 verbi
474 3278 580 3359 gratia
603 3277 728 3356 oculus,
753 3278 821 3342 sive
855 3276 1005 3342 auditum
1038 3274 1125 3339 auris
1160 3274 1289 3358 aliaque
1322 3274 1450 3352 similia,
1485 3277 1586 3357 caput

93 3403 172 3476 vero
196 3383 314 3448 domus
339 3383 499 3467 sedesque
522 3385 623 3449 totius
648 3385 782 3450 effectus
806 3379 1033 3473 [operationis]
1068 3392 1128 3461 est,
1162 3382 1218 3465 qui
1251 3378 1360 3468 [quae]
1393 3380 1582 3447 diversitate

94 3510 251 3555 sensuum
286 3492 504 3570 constituitur,
540 3493 608 3556 sive
633 3493 717 3557 sicut
744 3493 857 3558 dicunt
896 3489 1088 3573 paradisum
1127 3489 1217 3553 omni
1257 3506 1375 3570 genere
1417 3488 1582 3556 fructuum

94 3600 150 3682 qui
172 3603 271 3682 gustu
294 3599 501 3663 delectabiles
525 3598 663 3682 visuque
696 3599 886 3686 optabiles⁴)
918 3601 996 3662 sunt
1027 3596 1209 3680 abundare,
1243 3594 1405 3678 siquidem
1443 3615 1499 3661 eas
1530 3616 1583 3662 res
1636 3587 1708 3663 Μ·

255 3867 276 3935 ¹)
297 3870 351 3922 cfr.
370 3872 531 3924 Lidabarski
549 3872 566 3922 l.
586 3889 609 3924 c.
628 3870 678 3922 Bd.
697 3866 735 3923 II.
755 3889 771 3939 p
802 3874 851 3923 tot
870 3889 897 3923 n.
916 3872 932 3920 2
952 3876 1023 3937 etp.
1042 3862 1128 3932 354¹).

190 3950 194 3960 ⁴
253 3955 373 4025 Mire:
393 3979 453 4013 cum
471 3964 642 4028 possessione
660 3963 767 4014 timoris
785 3962 837 4013 Dei
856 3964 874 4013 i.
894 3979 918 4014 e.
938 3960 1082 4012 accedente
1102 3961 1198 4011 timore
1217 3959 1278 4011 Dei.

254 4043 277 4110 ³)
296 4049 338 4101 Ad
356 4060 396 4099 ιε
416 4067 448 4101 ex
466 4057 541 4116 parte
561 4056 588 4102 et
606 4067 654 4117 per
673 4051 789 4118 singula.

254 4134 275 4203 ⁴)
295 4141 346 4190 etr.
367 4141 433 4192 Gen.
456 4141 507 4204 2‚9.
